2842 4750
221 309 300 387 244
619 315 656 382 Q.
683 309 991 377 renarrat
1089 325 1092 332 ¹

193 443 201 456 ¹
223 439 258 504 ⁵9
275 440 354 529 Ut,
372 437 445 514 tibi
462 437 493 516 si
510 439 560 515 sit
576 467 670 541 opus
687 440 722 491 ⁶0
737 439 881 546 liquidi
899 440 1159 544 nonamplius
1178 469 1302 535 urna,
1374 471 1377 480 ¹

217 566 301 658 {Vel
321 567 485 669 cyatho,
503 583 541 642 et
555 565 687 642 dicas:
704 593 846 669 magno
865 568 913 643 de
930 569 1100 645 flumine..
1111 569 1278 672 malim,

222 697 353 796 Quam
371 723 419 771 ex
437 694 512 771 hoo
532 693 722 770 fonticulo
746 696 991 794 tantumdem
1013 722 1176 773 sumere.
1197 697 1228 798 6Ι
1249 698 1308 772 Εο
1323 696 1382 788 fit,

219 822 378 900 Plenior
397 838 442 899 ut
462 822 495 898 si
516 848 611 924 quos
633 820 801 914 deleetet
820 822 932 926 copia
951 824 985 892 ⁶².
1002 822 1121 920 just0,
1140 883 1153 888 >-

219 946 321 1023 Cum
338 945 433 1048 ripa,
444 944 560 1030 simul
581 929 614 996 ⁶3
632 943 785 1022 avulsos
809 946 910 1022 ferat
930 946 1097 1023 Aufidus
1115 975 1218 1025 acer.

218 1073 275 1147 At
293 1071 361 1175 qui
379 1069 528 1147 tantulo
545 1071 655 1177 eget,
671 1075 705 1137 ⁶4
723 1090 869 1176 quanto·
887 1090 943 1152 est
959 1101 1076 1178 opus,
1093 1077 1125 1151 is
1141 1099 1269 1179 neque
1290 1076 1380 1153 limo

218 1200 439 1278 Turbatam
452 1200 753 1307 hanritaquam‚
767 1203 1033 1305 aequaeuam
1040 1202 1186 1278 amittit
1199 1204 1242 1278 in
1256 1204 1378 1281 undis.

216 1331 275 1404 At
293 1330 326 1379 ⁶⁵
347 1327 453 1403 bona·
468 1341 555 1429 pais
576 1326 961 1432 hominumdeoepta
981 1331 1015 1381 ⁶⁶
1033 1329 1215 1432 eupidine
1229 1331 1356 1422 salso,

217 1451 289 1529 Nil
301 1451 392 1528 satis
404 1468 479 1544 est,
492 1452 622 1554 inquit
631 1485 642 1545 3
652 1454 685 1519 67
698 1453 922 1556 quiritanti,
936 1470 1126 1558 quantum
1140 1453 1308 1547 habeas,
1319 1455 1377 1533 sis'.

217 1576 325 1677 Quid
338 1575 462 1650 facias
473 1575 507 1625 ⁶⁶
521 1574 608 1652 illi?
622 1572 758 1672 jubeas
774 1578 807 1654 ⁶9
821 1576 1007 1654 miserum
1022 1605 1102 1655 esse
1113 1622 1125 1671 ,ν
1138 1577 1309 1657 libenter

200 1714 253 1770 '70
271 1701 529 1803 Quatermsid
541 1701 648 1780 facit.
669 1705 724 1778 Ut
737 1720 768 1771 7Ι
785 1691 948 1809 quidam
964 1708 1375 1786 memoratur-Athenis

215 1825 406 1903 Sordidus
421 1825 620 1918 eediues,
638 1830 770 1931 populi
789 1846 1033 1908 contemnere
1048 1848 1081 1900 72
1100 1859 1215 1910 voces
1252 1807 1269 1878 i>
1359 1883 1363 1890 -

215 1953 281 2030 Sic
299 1952 430 2030 solitus
449 1952 646 2055 {Populus
663 1982 728 2030 me
742 1956 777 2023 73
796 1955 951 2050 sibilat;
973 1972 1037 2047 at,
1059 1956 1160 2032 mihi
1179 1959 1323 2061 plaudo

215 2078 304 2181 Ipse
320 2079 452 2171 domi,
472 2077 589 2155 simul
609 2106 657 2154 ae
679 2108 864 2166 nummos·
878 2080 1115 2184 contemplor
1132 2081 1175 2160 in
1193 2110 1298 2163 arca.

215 2218 251 2271 74
272 2197 461 2280 Tantalus
475 2206 506 2278 a
524 2200 649 2279 labris
657 2192 1005 2307 sitiens’fugientia
1028 2220 1159 2307 captat

214 2331 499 2411 Flaminiam
519 2330 625 2433 Quid
643 2329 1183 2426 ridestmutato'nominwfi
1199 2334 1248 2412 de
1263 2349 1315 2412 te·

216 2462 370 2540 Fabula
392 2476 583 2538 narratur.
609 2459 808 2562 Congestis
828 2460 1001 2564 undique
1019 2447 1054 2529 77
1069 2460 1191 2537 saocis
1227 2476 1231 2481 '
1298 2510 1302 2517 ι

216 2588 409 2663 Indoi-mis·
430 2589 465 2654 ⁷⁶
475 2576 664 2677 inhians,
681 2599 721 2660 et
737 2600 926 2688 tanquam
941 2601 1146 2689 paruere‘79
1162 2585 1282 2663 saeris
1317 2638 1321 2643 ·
1340 2577 1344 2581 ’

216 2711 397 2816 Cogeris,
419 2728 487 2785 aut
506 2708 620 2813 pictis
641 2696 1020 2815 tanquamgaudere
1041 2710 1075 2764 ⁶0
1096 2710 1262 2797 tabellis.
1363 2714 1368 2735 ⁸

254 2892 521 2968 59Exemplicausa.
535 2891 719 2968 60Liquoria‚
738 2891 783 2948 vel
862 2913 893 2966 7ι
918 2895 1019 2948 Timon
1042 2894 1236 2962 μισάνθρωπος,
1263 2896 1381 2969 pecunia

217 2998 294 3053 nquae
302 2996 379 3031 urna.
392 2977 425 3031 61
437 2979 482 3031 Ex
490 2997 523 3031 eo
533 2977 572 3031 fit.
586 2978 621 3031 62
630 2980 721 3048 Quam
733 2994 781 3051 par
818 2992 910 3031 tamen
926 2997 973 3032 sua
986 2977 1112 3052 gaudens.
1133 2996 1167 3050 72
1178 2977 1316 3051 Obloquia
1326 2998 1379 3052 po-

219 3066 264 3118 sit.
277 3063 313 3117 63
322 3065 446 3135 Arreptoa
456 3061 690 3131 auferatAulidua,
701 3062 798 3136 Apu-·
817 3059 883 3134 puli.
903 3061 938 3132 73
952 3062 1085 3115 Homines
1101 3064 1228 3134 gratiosos
1243 3060 1379 3116 theatrum

221 3145 265 3201 liae
280 3146 389 3200 flumen.
816 3143 998 3216 ingredientes
1011 3140 1131 3218 populus
1141 3143 1236 3216 plausu
1253 3146 1380 3218 excipie-

253 3230 290 3298 64
302 3230 441 3301 Quantum
452 3244 553 3284 naturae
564 3230 708 3285 necessitas
716 3246 782 3303 poa·
817 3225 882 3293 bat,
899 3226 984 3280 malos
999 3225 1245 3281 veroexsibilabat.
1364 3260 1369 3271 .

212 3313 297 3368 milet.
748 3318 751 3325 '
853 3320 887 3381 74
905 3309 1034 3364 Tantalus
1056 3311 1148 3365 sitiens
1162 3325 1253 3384 captat
1268 3311 1381 3365 flumina

208 3427 212 3439 ι
261 3395 296 3450 65
318 3395 407 3469 Major
427 3413 496 3469 pars.
519 3396 555 3450 66
575 3398 680 3451 Vitiosa
702 3396 783 3467 cupi·
810 3393 928 3448 dlabris
943 3393 1080 3469 fugientia.
1198 3420 1200 3427 ·

219 3482 313 3536 ditate.
338 3480 373 3552 67
393 3480 466 3550 Quia
485 3494 574 3532 tantus
597 3478 647 3532 tibi
666 3476 784 3532 defertur
854 3478 888 3550 75
907 3478 1040 3547 Oavare,
1055 3496 1103 3531 cur
1117 3476 1210 3555 rides?
1221 3478 1257 3549 76
1266 3479 1323 3549 Qui
1333 3497 1382 3551 re·

209 3565 325 3627 honos,
340 3578 470 3636 quantum
485 3562 603 3628 habeas,
615 3560 645 3614 id
660 3576 717 3629 est,
734 3580 783 3634 pro
817 3562 868 3617 bus
880 3560 1006 3615 omnibus
1018 3560 1156 3629 abunda,
1170 3580 1225 3615 neo
1238 3576 1334 3615 tamen
1351 3564 1384 3614 iio

207 3649 374 3703 ‘divitiarum
387 3645 581 3718 magnitudine.
599 3646 634 3698 68
644 3646 678 3698 Ei
688 3646 733 3718 qui
744 3647 783 3697 ita
818 3647 913 3699 uteris„
928 3663 965 3716 77
979 3644 1069 3698 Saucia
1087 3645 1264 3716 pecuniarum
1281 3643 1383 3716 plenis.

219 3733 321 3788 sentit?
331 3732 462 3805 rpermitte
475 3744 505 3780 ut
514 3730 548 3781 sit
556 3730 645 3782 miser.
661 3727 697 3800 69
705 3727 782 3781 Mal·
809 3732 851 3800 -78
860 3728 978 3781 Timent.
989 3746 1028 3781 ne
1036 3745 1084 3800 per
1095 3724 1216 3780 fraudem
1228 3729 1301 3780 sacci
1315 3743 1383 3780 eva-

218 3817 295 3881 lem,
313 3829 344 3868 ut
362 3832 433 3866 unus
454 3810 506 3863 fert
520 3810 782 3876 codex,·miserarn.
817 3825 967 3864 cuarentur.
994 3829 1029 3884 79
1046 3809 1134 3864 Sacris
1146 3809 1187 3863 nil
1205 3809 1290 3862 adimi
1309 3823 1384 3864 vetat

221 3895 385 3951 &ubauditur
401 3932 409 3960 ‚
425 3893 496 3945 hanc
512 3907 615 3964 partem
628 3892 781 3953 hominum.
815 3891 919 3964 religio.
946 3893 982 3948 80
1002 3891 1159 3966 latitando,
1183 3910 1249 3946 non.
1266 3890 1386 3947 truendo

259 3977 334 4051 yesi
350 3973 595 4050 quidem2idfacit
610 3973 737 4048 libenter.¹
816 3976 949 4054 pecuniis:
984 4034 992 4047 ,
1111 4021 1113 4025 .
1273 3980 1277 3989 ’
