2842 4750
320 334 660 391 CARMINUM
711 340 826 393 LIB.
880 342 906 396 I.

376 539 518 614 ODE
569 539 851 618 XXVIII.

28 744 239 815 Inducitur
257 740 462 840 Archyms
485 759 618 814 nctutae
637 745 802 818 cuidam
827 746 1086 845 respondens,
1114 776 1197 822 om-

77 864 192 938 nibus
211 889 295 936 esse
319 840 593 954 moriendum,
622 893 815 966 oransque
832 895 883 940 ne
902 895 944 941 se
962 873 1198 971 insepultum

73 993 210 1087 jacere
233 994 423 1085 patiatur.

38 1156 153 1274 ῙΤΕ
178 1198 297 1273 maris
320 1214 358 1274 et
380 1214 517 1291 terrae,
543 1227 783 1303 numeroque
798 1202 976 1279 'carentis
997 1231 1127 1281 arenae

84 1323 338 1396 2Mens0rem
357 1320 567 1413 cohibent,
589 1322 797 1425 Archyta,

46 1445 208 1522 Pulveris
231 1447 362 1551 exigui
384 1475 500 1552 prope
521 1447 628 1524 littus
645 1449 659 1500 3
677 1476 800 1551 parva
817 1466 835 1515 4
851 1452 1052 1529 Matinum

86 1573 275 1665 Munera,
300 1600 372 1648 nec
394 1574 615 1677 quidquam
633 1572 707 1649 tibi
726 1574 742 1623 ⁵
759 1576 913 1677 prodest

46 1694 208 1772 ⁶Ae'rias
232 1712 394 1775 tentasse
420 1698 577 1791 domOS,
601 1700 811 1803 animoque
834 1703 1043 1779 rotundum

86 1822 318 1898 Percurrisse
342 1839 359 1890 7
381 1821 540 1926 polum,
567 1823 765 1900 morituro,
1013 1806 1017 1811 ⁵

46 1940 284 2041 ⁸Oceidit5et
307 1946 460 2049 Pelopis
483 1965 499 2015 9
522 1948 673 2051 genitor
696 1949 864 2026 conviva
888 1950 1070 2047 deorum,

88 2086 117 2122 10
141 2072 411 2179 Tithonusque
436 2064 608 2151 remotus
631 2075 675 2150 in
698 2102 840 2168 auras,

46 2191 88 2269 Et
99 2195 208 2274 Jovis
224 2199 377 2275 arcanis
395 2215 425 2249 ¹1
444 2201 575 2275 Minos
593 2199 804 2293 admissus,
830 2198 1055 2304 habentque

88 2321 249 2400 Tartara
272 2339 304 2375 12
327 2323 581 2401 Panthoiden
603 2324 635 2377 13
657 2324 802 2401 iterum
825 2326 927 2402 Orco

45 2444 278 2542 Demissum‚
303 2467 337 2516 ¹4
361 2451 541 2555 quamvis
564 2449 701 2556 clypeo
724 2450 894 2551 Troiana
917 2453 1037 2530 refixo

87 2578 276 2680 Tempora
299 2594 483 2674 testatur,
506 2580 609 2657 nihil
631 2581 732 2659 ultra
1131 2573 1133 2576 ⁵

77 2751 86 2781 r
106 2732 228 2808 Archyta*
242 2735 356 2790 cadaver
375 2737 413 2789 sic
424 2751 507 2789 nauta
526 2734 598 2792 allo-
633 2732 718 2808 phum
734 2750 791 2786 esse
803 2749 959 2799 mortuum,
978 2754 1060 2808 quum
1079 2755 1151 2791 mors
1164 2742 1199 2794 sit

45 2814 139 2884 quitur:
154 2816 180 2870 Ο
190 2818 307 2891 Archyta
316 2836 398 2890 parva
407 2838 520 2872 munera
531 2820 596 2872 exi·
634 2816 760 2870 omuibus
775 2818 936 2872 communis.
953 2837 971 2890 9
984 2818 1133 2886 Tantalus,
1151 2827 1199 2896 qui

46 2899 83 2966 gui
92 2899 205 2971 pulveris
216 2921 299 2975 prope
309 2902 383 2955 littus
394 2903 530 2956 Matinum
546 2923 597 2956 co·
634 2897 699 2953 deos
707 2902 737 2952 in
747 2901 902 2953 convivium
920 2903 1031 2973 recepit.
1057 2920 1087 2953 10
1095 2904 1198 2958 Titho-

46 2975 152 3049 hibent,
170 2983 201 3036 id
220 3000 278 3052 est,
294 2988 454 3051 continent,
473 3000 501 3039 te
518 3004 598 3039 men·
634 3004 685 3038 nus
702 2983 896 3038 Laomedontis
911 2984 999 3049 filius,
1019 2983 1129 3039 tandem
1139 3003 1200 3060 post

47 3078 123 3117 torem
147 3070 254 3135 maris,
275 3084 350 3122 terrae
374 3084 400 3122 et
425 3088 512 3123 arenae
539 3089 597 3141 quae
632 3066 922 3139 longissimamvliam‚
935 3070 964 3118 in
975 3066 1095 3121 cicadam
1105 3086 1199 3126 trans-

46 3162 109 3199 caret
125 3168 248 3207 numero.
266 3170 284 3204 2
297 3151 480 3206 Geometr'am.
496 3152 512 3204 3
527 3152 598 3204 Mu·
634 3151 762 3204 formatus
769 3150 877 3204 dicitur.
891 3152 1084 3223 rrMirrosllex
1095 3155 1201 3227 Cretaej

47 3249 102 3285 nera
115 3237 188 3307 parvi
209 3250 346 3307 sumptus,
365 3235 394 3289 id
409 3251 468 3302 est,
487 3252 598 3309 parvum
635 3236 680 3305 qui
695 3252 887 3307 nonoquoque
901 3253 972 3286 anno
983 3253 1119 3291 sermones
1135 3259 1199 3294 cum

47 3316 224 3387 nepulchrum,
240 3317 312 3391 qnod
327 3338 426 3373 munus
441 3335 468 3373 et
480 3318 599 3372 officium
635 3316 701 3368 Jove
711 3315 834 3368 conferre
841 3314 952 3370 solebat.
968 3317 1200 3393 tnPythagoram,

47 3399 156 3454 viventes
169 3417 292 3476 prestare
306 3401 406 3458 dehent
420 3405 543 3456 mortuis.
634 3400 680 3472 qui
695 3399 847 3466 animarum
866 3402 1128 3472 transmigrationem
1150 3425 1198 3458 sno

77 3492 91 3548 4
106 3486 226 3540 Matinus
235 3506 313 3539 mons
330 3503 368 3540 est
380 3490 409 3540 in
418 3486 515 3560 Apulia
524 3489 599 3558 juxta
635 3481 811 3536 confirmabat
821 3482 944 3555 exemplo
957 3523 964 3543 ,
978 3483 1071 3538 dicens
1083 3489 1201 3542 suluisse

49 3582 118 3636 quem
138 3569 268 3643 Archytas
283 3572 353 3641 jacet
372 3569 498 3642 sepultus.
519 3570 533 3622 5
557 3568 599 3622 Ad
636 3566 707 3640 apud
719 3569 829 3639 Trojam
844 3566 1018 3640 Euphorbum
1031 3570 1146 3623 Panthei
1162 3572 1199 3624 fi-

51 3650 599 3725 mortemeffugiendam.6Quodsisadeo
635 3649 712 3703 lium.
733 3650 763 3701 13
779 3650 854 3723 Saepe
870 3667 1200 3717 mortuum‚transeunte
1236 3710 1241 3717 ,

52 3735 157 3788 curiosus
170 3738 201 3789 in
212 3740 291 3788 astris
303 3735 484 3790 observandis.
499 3754 515 3808 7
532 3735 600 3789 Coe-
637 3737 692 3805 ejus
707 3736 798 3787 anima
814 3737 842 3786 in
861 3736 936 3788 alios.
956 3745 986 3800 ¹4
1005 3738 1135 3803 Quamvis
1152 3757 1201 3809 per

52 3811 98 3867 lum
112 3836 201 3874 mente
217 3838 376 3893 peragrasse.
637 3816 787 3871 detractum
809 3819 823 3869 ὲ
842 3834 917 3891 poste
937 3816 1039 3889 templi
1061 3816 1202 3888 Euphorbi

81 3900 96 3952 8
107 3901 409 3977 RespondetArchytas:
421 3903 484 3956 Non
493 3917 531 3956 ert
543 3904 601 3954 mi·
637 3900 762 3975 clypeum
772 3915 883 3953 testatus
893 3920 920 3953 se
934 3901 1058 3967 Troianis
1067 3905 1202 3971 tempori·
1288 3908 1297 3920 '

51 3997 99 4037 rum
119 4006 162 4044 me
181 3985 408 4042 mathematicum
433 4002 460 4044 et
479 3973 607 4059 philon-J
637 3983 687 4041 btu
706 3976 883 4056 Euphorbum
904 3983 1004 4053 fuisse,
1027 3978 1096 4032 nihil
1107 3998 1207 4052 praetep
