2842 4750
417 149 425 179 l

312 325 653 389 cirninum
702 299 829 387 nin(
871 334 900 387 1.
1145 316 1194 415 57

181 459 204 526 '4
229 457 305 561 Qui
327 488 430 535 nunc
454 458 470 510 ⁵
493 457 681 563 Hesperia
703 483 826 563 sospes
846 455 898 533 ab
922 459 1062 540 ultima

25 618 26 621 ’
136 589 244 667 Caris
265 587 387 663 multa
411 585 635 677 sodalibus,

185 713 294 788 Nulli
318 711 428 816 plura
447 710 582 788 tamen
607 712 752 789 dividit
777 711 933 805 oscula,

134 838 260 938 Quam
285 836 391 913 dulci
417 836 595 930 Lamiae3
624 840 641 890 ⁶
664 865 816 915 memor

179 965 294 1045 Actae.
315 990 394 1038 non
416 961 495 1038 alio
518 990 609 1066 rege
634 964 825 1067 puertiae,

132 1093 410 1193 7Mutataeque
435 1089 550 1167 simul
574 1107 683 1196 togae.

177 1216 195 1266 ⁸
216 1216 349 1293 Cressa
370 1244 420 1292 ne
445 1230 577 1293 careat
599 1216 762 1320 pulchra
786 1217 867 1295 dies
887 1230 1005 1311 nota,

128 1359 144 1411 9
166 1346 258 1420 Neu
281 1361 466 1447 promptae
490 1334 627 1421 modus
652 1343 879 1448 amphoras,

176 1483 209 1520 1⁰
232 1470 322 1545 Neu
343 1497 493 1545 morem
513 1469 555 1546 in
579 1469 728 1548 Salium
752 1470 800 1547 sit
820 1472 973 1576 requies
995 1472 1166 1577 pedum,

130 1595 277 1670 ¹¹=Neu
301 1593 415 1669 multi
440 1595 617 1672 Damalis
641 1597 739 1674 meri

173 1719 336 1796 Bassum
360 1717 551 1796 Threicia
574 1721 708 1800 vincat
728 1738 760 1775 12
782 1720 1007 1826 amystide,
1111 1790 1113 1795 .

128 1844 213 1919 Neu
240 1844 368 1922 desint
390 1845 514 1949 epulis
537 1874 656 1940 rosae,
756 1895 766 1907 -

173 1976 265 2050 Neu
284 1974 316 2025 13
333 1974 453 2051 vivax
468 1975 629 2079 apium,
651 2004 729 2052 neu
748 1992 781 2044 ¹4
796 1975 916 2053 breve
932 1969 1073 2054 lilium.

126 2097 157 2148 ¹⁵
181 2100 329 2174 Omnes
352 2097 395 2172 iu
418 2098 620 2176 Damalim
641 2105 789 2202 putres

49 2288 191 2360 persolveret.
205 2302 221 2360 4
233 2291 311 2347 Ordo
321 2308 376 2360 est,
387 2295 432 2368 qui
444 2313 518 2349 nunc
530 2314 584 2349 eos·
623 2292 727 2357 Salium
747 2307 787 2347 est
808 2295 969 2366 adjectivum
991 2290 1079 2368 quarti
1100 2304 1190 2350 casus?

47 2378 235 2443 pesseversusab
246 2378 479 2452 ultimaHesperia
490 2378 587 2434 dividit
626 2400 653 2432 u
675 2379 770 2452 Neque
788 2377 929 2442 Damalis,
951 2386 1008 2450 quae
1024 2374 1101 2432 multi
1120 2380 1189 2433 meri

47 2456 112 2511 muta
126 2460 210 2514 oscula
221 2462 292 2515 caris
302 2461 450 2527 sodalibus,
465 2462 533 2517 nulli
543 2479 586 2516 ta·
622 2471 664 2516 est'
686 2478 714 2515 et
737 2462 835 2516 mulier
858 2462 1050 2527 bibacissima,
1073 2462 1186 2516 Bassum

46 2554 93 2591 men
103 2541 171 2614 plura
182 2565 264 2617 quam
274 2543 346 2598 dulci
356 2548 470 2613 Lamiae,
481 2567 585 2601 memor
621 2546 713 2598 vincet
728 2545 757 2599 in
773 2544 911 2619 potando,
930 2543 977 2598 sed
991 2563 1053 2598 cum
1067 2544 1187 2597 Numida

45 2625 142 2690 pueritie
150 2644 213 2684 actae
224 2649 283 2682 non
293 2627 346 2681 alio
356 2648 432 2702 rege,
444 2646 471 2683 et
481 2617 585 2685 memor
620 2629 708 2700 potius
724 2627 873 2681 contendat
889 2625 1018 2681 bibendo.
1039 2646 1070 2680 12
1086 2627 1188 2681 Poc'ulo

45 2703 106 2758 *impl
117 2726 218 2766 mutatae
233 2727 312 2785 togae.
331 2711 347 2763 5
365 2712 512 2785 Hispania,
527 2734 584 2767 non
621 2711 809 2783 capacissimo,
819 2709 892 2783 quod
902 2711 960 2763 sine
969 2712 1186 2785 interspiratione

44 2784 69 2837 ab
81 2808 107 2841 ea
116 2792 258 2867 Hesperia,
272 2815 330 2869 quae
344 2794 416 2869 apud
429 2796 502 2849 hunc
514 2807 584 2870 poe-
620 2792 737 2860 haustim
758 2809 785 2846 et
800 2793 880 2847 labris
897 2814 954 2847 non
974 2793 1071 2848 clausis
1087 2810 1186 2874 epote-

44 2880 85 2922 1²m
95 2890 155 2946 saepe
166 2896 214 2947 pro
227 2876 304 2930 ltalia
317 2880 434 2950 ponitur.
447 2879 465 2932 6
476 2879 583 2934 Memor
619 2875 707 2930 batur.
720 2876 773 2930 Alii
787 2875 882 2931 dicunt
891 2876 1050 2951 amystidem
1060 2875 1114 2930 hoc
1125 2878 1187 2934 loco

43 2956 140 3020 pueritiae
158 2976 258 3013 exactae
276 2960 324 3013 sub
342 2960 437 3015 eodem
456 2967 583 3036 magistro
619 2980 676 3013 non
691 2958 818 3033 pocuhm
833 2961 1000 3033 significare,
1016 2958 1063 3014 sed
1079 2962 1185 3014 intem·

43 3042 195 3093 ncommuni
206 3040 325 3096 doctore.
336 3062 352 3113 7
363 3043 484 3116 Cumque
494 3059 583 3098 essent
619 3058 741 3115 peratum
751 3043 821 3097 inter
832 3043 951 3097 Thraces
962 3039 1074 3096 bibendi
1085 3062 1185 3116 genus,

41 3128 199 3192 nauperes,
217 3124 298 3178 simul
314 3142 341 3179 et
352 3125 447 3179 eodem
462 3141 582 3200 tempore
619 3128 715 3199 inquo
728 3140 923 3197 compotatores
939 3121 1031 3196 potum
1046 3127 1075 3179 in
1092 3125 1184 3181 alvum

41 3212 148 3267 pretextu
174 3205 325 3280 deposita,
358 3223 448 3281 togam
476 3201 598 3262 virilem
618 3217 676 3260 nort
696 3226 773 3260 secus
789 3221 868 3279 atque
884 3208 914 3260 in
930 3205 1033 3261 &lium
1049 3206 1185 3266 infunde-

40 3295 198 3356 ⁸⁸1¹¹1pserunt.
617 3288 700 3356 bant,
714 3287 795 3363 idque
808 3289 970 3355 confertim,
982 3305 1009 3345 et
1025 3292 1083 3345 sine
1093 3293 1184 3365 respi-

66 3376 207 3436 8Cretensi
221 3384 264 3440 vel
278 3389 357 3441 niveo
369 3386 461 3460 lapillo
474 3401 582 3441 notetur
617 3375 741 3438 ratione,
763 3373 806 3425 cui
830 3372 967 3429 sorbillare
991 3373 1120 3448 paulatim
1142 3388 1185 3429 ost

38 3449 85 3511 lltee
94 3459 156 3516 dies.
169 3486 187 3536 9
197 3467 274 3522 Neve
287 3471 316 3522 in
327 3469 447 3525 bibendo
460 3474 494 3524 ,it
503 3490 582 3523 men.
617 3456 792 3511 annuariam.
811 3454 890 3527 Angli
909 3455 1045 3531 appellant
1066 3458 1184 3510 Carow-

37 3553 99 3608 fllia,
112 3545 156 3598 sed
166 3565 301 3619 promatur
310 3555 404 3606 vinum
414 3556 444 3605 in
454 3553 581 3626 amphora
617 3547 686 3612 dmg
693 3540 871 3610 &drinking
879 3537 1028 3611 Osheallh·
1043 3540 1074 3592 13
1084 3541 1183 3611 Apim

37 3634 127 3697 magna.
430 3659 433 3666 -
618 3621 665 3675 diu
682 3625 781 3677 virens.
805 3631 835 3690 ¹4
853 3622 916 3680 Lilii
935 3623 983 3676 llos
998 3641 1111 3696 magnus
1126 3635 1184 3687 est,

69 3727 96 3759 ro
116 3711 190 3768 Neve
214 3733 318 3771 cenent
338 3716 419 3772 „lm
440 3734 468 3772 „t
492 3720 582 3791 tripu·
617 3704 667 3759 sed
681 3704 761 3760 duret
777 3704 852 3760 brevi
866 3719 996 3778 tempore.

37 3784 105 3845 disin
114 3813 215 3850 morem
225 3799 339 3867 Salium,
356 3800 386 3855 id
403 3817 458 3866 est,
477 3816 508 3854 ut
528 3800 581 3854 sal-
657 3800 687 3854 15
701 3800 806 3854 Omnes
819 3800 936 3873 deligent
950 3814 978 3851 et
989 3797 1138 3868 conjicient
1150 3798 1182 3853 iu

37 3880 84 3925 tant
96 3875 156 3931 Salii
171 3880 267 3935 Martis
282 3884 394 3938 Gradivi
411 3883 579 3949 sacerdotes,
615 3882 753 3937 Damalim
770 3902 831 3937 suos
849 3881 942 3936 oculos
953 3896 1060 3954 putres,
1078 3876 1181 3949 idest,

37 3947 143 4014 lNuma
166 3962 297 4036 Pompilio
317 3971 432 4041 primurn
453 3969 579 4023 instituti.
615 3966 707 4022 oculos
722 3965 811 4021 ebrios
826 3965 870 4020 vel
884 3961 997 4022 libidine
1012 3960 1122 4014 frenos.
