<?xml version="1.0" encoding="UTF-8"?>
<!DOCTYPE html PUBLIC "-//W3C//DTD XHTML 1.0 Transitional//EN"
    "http://www.w3.org/TR/xhtml1/DTD/xhtml1-transitional.dtd">
<html xmlns="http://www.w3.org/1999/xhtml" xml:lang="en" lang="en">
 <head>
  <title>
</title>
<meta http-equiv="Content-Type" content="text/html;charset=utf-8" />
  <meta name='ocr-system' content='tesseract 3.04.00' />
  <meta name='ocr-capabilities' content='ocr_page ocr_carea ocr_par ocr_line ocrx_word'/>
</head>
<body>
  <div class='ocr_page' id='page_1' title='image "./quintushoratius01horagoog_0247.png"; bbox 0 0 2842 4750; ppageno 0'>
   <div class='ocr_carea' id='block_1_1' title="bbox 308 275 1189 375">
    <p class='ocr_par' dir='ltr' id='par_1_1' title="bbox 308 275 1189 375">
     <span class='ocr_line' id='line_1_1' title="bbox 308 275 1189 375; baseline 0.001 -24"><span class='ocrx_word' id='word_1_1' title='bbox 308 293 648 363; x_wconf 72' lang='lat' dir='ltr'>cannino-u</span> <span class='ocrx_word' id='word_1_2' title='bbox 697 294 812 354; x_wconf 78' lang='lat' dir='ltr'>nin.</span> <span class='ocrx_word' id='word_1_3' title='bbox 862 293 932 357; x_wconf 77' lang='lat' dir='ltr'>rt.</span> <span class='ocrx_word' id='word_1_4' title='bbox 1117 275 1189 375; x_wconf 83' lang='lat'>193</span> 
     </span>
    </p>
   </div>
   <div class='ocr_carea' id='block_1_2' title="bbox 121 410 1113 2260">
    <p class='ocr_par' dir='ltr' id='par_1_2' title="bbox 121 410 1113 2260">
     <span class='ocr_line' id='line_1_2' title="bbox 174 410 980 515; baseline -0.006 -24"><span class='ocrx_word' id='word_1_5' title='bbox 174 412 311 491; x_wconf 85' lang='lat' dir='ltr'>Portus</span> <span class='ocrx_word' id='word_1_6' title='bbox 332 413 368 465; x_wconf 78' lang='lat'>²⁸</span> <span class='ocrx_word' id='word_1_7' title='bbox 389 412 640 489; x_wconf 83' lang='lat' dir='ltr'>Alexandrea</span> <span class='ocrx_word' id='word_1_8' title='bbox 662 410 848 515; x_wconf 85' lang='lat' dir='ltr'>supplex,</span> <span class='ocrx_word' id='word_1_9' title='bbox 978 504 980 508; x_wconf 12' lang='lat' dir='ltr'>v</span> 
     </span>
     <span class='ocr_line' id='line_1_3' title="bbox 226 534 950 638; baseline -0.003 -26"><span class='ocrx_word' id='word_1_10' title='bbox 226 538 277 613; x_wconf 83' lang='lat' dir='ltr'>Et</span> <span class='ocrx_word' id='word_1_11' title='bbox 300 563 469 612; x_wconf 86' lang='lat' dir='ltr'>vacuam</span> <span class='ocrx_word' id='word_1_12' title='bbox 491 534 676 638; x_wconf 84' lang='lat' dir='ltr'>patefecit</span> <span class='ocrx_word' id='word_1_13' title='bbox 698 551 732 601; x_wconf 86' lang='lat'>²9</span> <span class='ocrx_word' id='word_1_14' title='bbox 757 534 915 629; x_wconf 86' lang='lat' dir='ltr'>aulam,</span> <span class='ocrx_word' id='word_1_15' title='bbox 948 568 950 571; x_wconf 62' lang='grc'>’</span> 
     </span>
     <span class='ocr_line' id='line_1_4' title="bbox 126 651 775 762; baseline -0.003 -27"><span class='ocrx_word' id='word_1_16' title='bbox 126 658 295 735; x_wconf 83' lang='lat' dir='ltr'>Fortuna</span> <span class='ocrx_word' id='word_1_17' title='bbox 317 655 435 736; x_wconf 85' lang='lat' dir='ltr'>lustro</span> <span class='ocrx_word' id='word_1_18' title='bbox 457 682 637 762; x_wconf 86' lang='lat' dir='ltr'>prospera</span> <span class='ocrx_word' id='word_1_19' title='bbox 660 651 775 734; x_wconf 86' lang='lat' dir='ltr'>tertio</span> 
     </span>
     <span class='ocr_line' id='line_1_5' title="bbox 126 782 801 877; baseline 0 -14"><span class='ocrx_word' id='word_1_20' title='bbox 126 788 227 864; x_wconf 87' lang='lat' dir='ltr'>Belli</span> <span class='ocrx_word' id='word_1_21' title='bbox 248 787 434 869; x_wconf 88' lang='lat' dir='ltr'>secundos</span> <span class='ocrx_word' id='word_1_22' title='bbox 455 784 628 864; x_wconf 85' lang='lat' dir='ltr'>reddidit</span> <span class='ocrx_word' id='word_1_23' title='bbox 649 782 801 877; x_wconf 71' lang='lat' dir='ltr'>exitur,</span> 
     </span>
     <span class='ocr_line' id='line_1_6' title="bbox 176 907 914 1015; baseline -0.003 -27"><span class='ocrx_word' id='word_1_24' title='bbox 176 912 460 1015; x_wconf 87' lang='lat' dir='ltr'>Laudemque,</span> <span class='ocrx_word' id='word_1_25' title='bbox 488 927 526 988; x_wconf 90' lang='lat' dir='ltr'>et</span> <span class='ocrx_word' id='word_1_26' title='bbox 547 926 722 1015; x_wconf 90' lang='lat' dir='ltr'>optatum</span> <span class='ocrx_word' id='word_1_27' title='bbox 748 907 914 1013; x_wconf 81' lang='lat' dir='ltr'>peractis</span> 
     </span>
     <span class='ocr_line' id='line_1_7' title="bbox 227 1033 828 1136; baseline 0.003 -25"><span class='ocrx_word' id='word_1_28' title='bbox 227 1035 406 1136; x_wconf 84' lang='lat' dir='ltr'>Imperiis</span> <span class='ocrx_word' id='word_1_29' title='bbox 425 1035 546 1111; x_wconf 87' lang='lat' dir='ltr'>decus</span> <span class='ocrx_word' id='word_1_30' title='bbox 566 1035 600 1086; x_wconf 80' lang='lat'>30</span> <span class='ocrx_word' id='word_1_31' title='bbox 622 1033 828 1136; x_wconf 79' lang='lat' dir='ltr'>arrogavit.</span> 
     </span>
     <span class='ocr_line' id='line_1_8' title="bbox 125 1155 921 1247; baseline -0.004 -11"><span class='ocrx_word' id='word_1_32' title='bbox 125 1159 237 1236; x_wconf 62' lang='grc' dir='ltr'>’1363Ι</span> <span class='ocrx_word' id='word_1_33' title='bbox 260 1158 457 1236; x_wconf 85' lang='lat' dir='ltr'>Cantaber</span> <span class='ocrx_word' id='word_1_34' title='bbox 478 1186 556 1234; x_wconf 90' lang='lat' dir='ltr'>non</span> <span class='ocrx_word' id='word_1_35' title='bbox 578 1177 666 1234; x_wconf 90' lang='lat' dir='ltr'>ante</span> <span class='ocrx_word' id='word_1_36' title='bbox 688 1155 921 1247; x_wconf 89' lang='lat' dir='ltr'>domabilis,</span> 
     </span>
     <span class='ocr_line' id='line_1_9' title="bbox 122 1280 1113 1386; baseline 0.001 -27"><span class='ocrx_word' id='word_1_37' title='bbox 122 1283 368 1386; x_wconf 82' lang='lat' dir='ltr'>Medusque,</span> <span class='ocrx_word' id='word_1_38' title='bbox 392 1299 432 1358; x_wconf 89' lang='lat' dir='ltr'>et</span> <span class='ocrx_word' id='word_1_39' title='bbox 454 1282 601 1374; x_wconf 77' lang='lat' dir='ltr'>Indue,</span> <span class='ocrx_word' id='word_1_40' title='bbox 626 1296 664 1356; x_wconf 85' lang='lat' dir='ltr'>te</span> <span class='ocrx_word' id='word_1_41' title='bbox 687 1280 721 1332; x_wconf 78' lang='lat'>3²</span> <span class='ocrx_word' id='word_1_42' title='bbox 745 1280 931 1383; x_wconf 85' lang='lat' dir='ltr'>profugus</span> <span class='ocrx_word' id='word_1_43' title='bbox 950 1280 1113 1384; x_wconf 84' lang='lat' dir='ltr'>Scythes</span> 
     </span>
     <span class='ocr_line' id='line_1_10' title="bbox 173 1400 915 1509; baseline -0.004 -24"><span class='ocrx_word' id='word_1_44' title='bbox 173 1407 370 1501; x_wconf 87' lang='lat' dir='ltr'>Miratur,</span> <span class='ocrx_word' id='word_1_45' title='bbox 395 1412 419 1481; x_wconf 83' lang='grc' dir='ltr'><em>ὃ</em></span> <span class='ocrx_word' id='word_1_46' title='bbox 442 1407 476 1459; x_wconf 93' lang='grc'>33</span> <span class='ocrx_word' id='word_1_47' title='bbox 492 1400 624 1482; x_wconf 53' lang='lat' dir='ltr'>&#39;tutela</span> <span class='ocrx_word' id='word_1_48' title='bbox 648 1429 813 1509; x_wconf 84' lang='lat' dir='ltr'>praesens</span> <span class='ocrx_word' id='word_1_49' title='bbox 912 1400 915 1407; x_wconf 30' lang='lat'>¹</span> 
     </span>
     <span class='ocr_line' id='line_1_11' title="bbox 217 1530 881 1633; baseline 0.003 -27"><span class='ocrx_word' id='word_1_50' title='bbox 217 1530 367 1623; x_wconf 73' lang='lat' dir='ltr'>Italiae,</span> <span class='ocrx_word' id='word_1_51' title='bbox 392 1532 427 1598; x_wconf 77' lang='lat'>34</span> <span class='ocrx_word' id='word_1_52' title='bbox 449 1531 697 1633; x_wconf 85' lang='lat' dir='ltr'>dominaeque</span> <span class='ocrx_word' id='word_1_53' title='bbox 722 1531 881 1608; x_wconf 79' lang='lat' dir='ltr'>Romae!</span> 
     </span>
     <span class='ocr_line' id='line_1_12' title="bbox 122 1651 988 1757; baseline -0.002 -27"><span class='ocrx_word' id='word_1_54' title='bbox 122 1655 157 1707; x_wconf 81' lang='grc'>33</span> <span class='ocrx_word' id='word_1_55' title='bbox 175 1658 261 1746; x_wconf 84' lang='lat' dir='ltr'>Te,</span> <span class='ocrx_word' id='word_1_56' title='bbox 289 1654 455 1730; x_wconf 82' lang='lat' dir='ltr'>fontium</span> <span class='ocrx_word' id='word_1_57' title='bbox 478 1653 548 1757; x_wconf 86' lang='lat' dir='ltr'>qui</span> <span class='ocrx_word' id='word_1_58' title='bbox 573 1651 676 1728; x_wconf 88' lang='lat' dir='ltr'>celat</span> <span class='ocrx_word' id='word_1_59' title='bbox 698 1651 868 1755; x_wconf 82' lang='lat' dir='ltr'>origines</span> <span class='ocrx_word' id='word_1_60' title='bbox 986 1738 988 1745; x_wconf 15' lang='lat' dir='ltr'>y</span> 
     </span>
     <span class='ocr_line' id='line_1_13' title="bbox 123 1774 1081 1882; baseline -0.002 -26"><span class='ocrx_word' id='word_1_61' title='bbox 123 1778 340 1882; x_wconf 83' lang='lat' dir='ltr'>Nilusque,</span> <span class='ocrx_word' id='word_1_62' title='bbox 368 1795 406 1855; x_wconf 91' lang='lat' dir='ltr'>et</span> <span class='ocrx_word' id='word_1_63' title='bbox 426 1778 461 1829; x_wconf 76' lang='lat'>3⁶</span> <span class='ocrx_word' id='word_1_64' title='bbox 480 1780 605 1871; x_wconf 82' lang='lat' dir='ltr'>Ister,</span> <span class='ocrx_word' id='word_1_65' title='bbox 631 1793 669 1853; x_wconf 94' lang='lat' dir='ltr'>te</span> <span class='ocrx_word' id='word_1_66' title='bbox 691 1775 850 1880; x_wconf 83' lang='lat' dir='ltr'>rapidus</span> <span class='ocrx_word' id='word_1_67' title='bbox 870 1779 904 1847; x_wconf 83' lang='grc'>37</span> <span class='ocrx_word' id='word_1_68' title='bbox 927 1774 1081 1880; x_wconf 83' lang='lat' dir='ltr'>Tigris,</span> 
     </span>
     <span class='ocr_line' id='line_1_14' title="bbox 171 1904 775 2010; baseline -0.007 -24"><span class='ocrx_word' id='word_1_69' title='bbox 171 1910 232 1986; x_wconf 86' lang='lat' dir='ltr'>Te</span> <span class='ocrx_word' id='word_1_70' title='bbox 255 1907 289 1957; x_wconf 82' lang='grc'>33</span> <span class='ocrx_word' id='word_1_71' title='bbox 311 1905 506 1983; x_wconf 89' lang='lat' dir='ltr'>helluosus</span> <span class='ocrx_word' id='word_1_72' title='bbox 529 1904 600 2010; x_wconf 91' lang='lat' dir='ltr'>qui</span> <span class='ocrx_word' id='word_1_73' title='bbox 618 1904 775 1982; x_wconf 85' lang='lat' dir='ltr'>remotis</span> 
     </span>
     <span class='ocr_line' id='line_1_15' title="bbox 224 2020 874 2137; baseline 0.002 -28"><span class='ocrx_word' id='word_1_74' title='bbox 224 2032 423 2137; x_wconf 84' lang='lat' dir='ltr'>Obstrepit</span> <span class='ocrx_word' id='word_1_75' title='bbox 447 2037 627 2110; x_wconf 87' lang='lat' dir='ltr'>Oceanus</span> <span class='ocrx_word' id='word_1_76' title='bbox 649 2020 874 2125; x_wconf 86' lang='lat' dir='ltr'>Britannis,</span> 
     </span>
     <span class='ocr_line' id='line_1_16' title="bbox 121 2157 965 2260; baseline 0.001 -22"><span class='ocrx_word' id='word_1_77' title='bbox 121 2161 180 2238; x_wconf 74' lang='lat' dir='ltr'>Te</span> <span class='ocrx_word' id='word_1_78' title='bbox 206 2184 285 2234; x_wconf 92' lang='lat' dir='ltr'>non</span> <span class='ocrx_word' id='word_1_79' title='bbox 305 2157 483 2260; x_wconf 88' lang='lat' dir='ltr'>paventis</span> <span class='ocrx_word' id='word_1_80' title='bbox 503 2159 536 2225; x_wconf 78' lang='lat'>39</span> <span class='ocrx_word' id='word_1_81' title='bbox 562 2158 701 2235; x_wconf 82' lang='lat' dir='ltr'>funera</span> <span class='ocrx_word' id='word_1_82' title='bbox 723 2157 890 2252; x_wconf 84' lang='lat' dir='ltr'>Galliae,</span> <span class='ocrx_word' id='word_1_83' title='bbox 962 2232 965 2239; x_wconf 83' lang='lat'><em>.</em></span> 
     </span>
    </p>
   </div>
   <div class='ocr_carea' id='block_1_3' title="bbox 120 2282 816 2389">
    <p class='ocr_par' dir='ltr' id='par_1_3' title="bbox 120 2282 816 2389">
     <span class='ocr_line' id='line_1_17' title="bbox 120 2282 816 2389; baseline 0.007 -29"><span class='ocrx_word' id='word_1_84' title='bbox 120 2302 154 2352; x_wconf 86' lang='grc' dir='ltr'>4ο</span> <span class='ocrx_word' id='word_1_85' title='bbox 170 2286 370 2389; x_wconf 87' lang='lat' dir='ltr'>Duraeque</span> <span class='ocrx_word' id='word_1_86' title='bbox 388 2282 500 2363; x_wconf 87' lang='lat' dir='ltr'>tellus</span> <span class='ocrx_word' id='word_1_87' title='bbox 518 2285 629 2363; x_wconf 88' lang='lat' dir='ltr'>audit</span> <span class='ocrx_word' id='word_1_88' title='bbox 648 2286 816 2365; x_wconf 84' lang='lat' dir='ltr'>Iberiae:</span> 
     </span>
    </p>
   </div>
   <div class='ocr_carea' id='block_1_4' title="bbox 28 2407 1235 3981">
    <p class='ocr_par' dir='ltr' id='par_1_4' title="bbox 28 2407 1235 3981">
     <span class='ocr_line' id='line_1_18' title="bbox 32 2407 1184 2491; baseline 0.01 -29"><span class='ocrx_word' id='word_1_89' title='bbox 32 2407 75 2483; x_wconf 78' lang='lat' dir='ltr'>(id</span> <span class='ocrx_word' id='word_1_90' title='bbox 84 2427 134 2477; x_wconf 86' lang='lat' dir='ltr'>est,</span> <span class='ocrx_word' id='word_1_91' title='bbox 145 2410 307 2487; x_wconf 75' lang='lat' dir='ltr'>quindecim·</span> <span class='ocrx_word' id='word_1_92' title='bbox 312 2410 409 2484; x_wconf 88' lang='lat' dir='ltr'>annis)</span> <span class='ocrx_word' id='word_1_93' title='bbox 418 2414 584 2487; x_wconf 88' lang='lat' dir='ltr'>interposito.</span> <span class='ocrx_word' id='word_1_94' title='bbox 623 2412 748 2468; x_wconf 79' lang='lat' dir='ltr'>defendis</span> <span class='ocrx_word' id='word_1_95' title='bbox 761 2412 864 2467; x_wconf 85' lang='lat' dir='ltr'>ltaliam</span> <span class='ocrx_word' id='word_1_96' title='bbox 876 2407 975 2480; x_wconf 80' lang='lat' dir='ltr'>malis,</span> <span class='ocrx_word' id='word_1_97' title='bbox 992 2410 1184 2491; x_wconf 78' lang='lat' dir='ltr'>dominamque</span> 
     </span>
     <span class='ocr_line' id='line_1_19' title="bbox 34 2494 1184 2571; baseline 0.006 -25"><span class='ocrx_word' id='word_1_98' title='bbox 34 2495 62 2546; x_wconf 75' lang='lat' dir='ltr'>ns</span> <span class='ocrx_word' id='word_1_99' title='bbox 72 2497 100 2548; x_wconf 90' lang='lat' dir='ltr'>ln</span> <span class='ocrx_word' id='word_1_100' title='bbox 110 2494 302 2551; x_wconf 79' lang='lat' dir='ltr'>Alexandriam</span> <span class='ocrx_word' id='word_1_101' title='bbox 316 2496 449 2556; x_wconf 81' lang='lat' dir='ltr'>Antonius</span> <span class='ocrx_word' id='word_1_102' title='bbox 460 2512 488 2550; x_wconf 91' lang='lat' dir='ltr'>et</span> <span class='ocrx_word' id='word_1_103' title='bbox 499 2496 585 2551; x_wconf 88' lang='lat' dir='ltr'>Cleo·</span> <span class='ocrx_word' id='word_1_104' title='bbox 624 2498 740 2549; x_wconf 80' lang='lat' dir='ltr'>Romam</span> <span class='ocrx_word' id='word_1_105' title='bbox 752 2498 759 2549; x_wconf 85' lang='lat'>!</span> <span class='ocrx_word' id='word_1_106' title='bbox 777 2496 811 2563; x_wconf 75' lang='lat'>34</span> <span class='ocrx_word' id='word_1_107' title='bbox 819 2498 910 2563; x_wconf 73' lang='lat' dir='ltr'>Romae</span> <span class='ocrx_word' id='word_1_108' title='bbox 919 2498 1047 2571; x_wconf 82' lang='lat' dir='ltr'>principis</span> <span class='ocrx_word' id='word_1_109' title='bbox 1060 2499 1184 2569; x_wconf 86' lang='lat' dir='ltr'>urbium,</span> 
     </span>
     <span class='ocr_line' id='line_1_20' title="bbox 32 2577 909 2652; baseline 0 -22"><span class='ocrx_word' id='word_1_110' title='bbox 32 2591 97 2646; x_wconf 82' lang='lat' dir='ltr'>patra</span> <span class='ocrx_word' id='word_1_111' title='bbox 108 2578 291 2651; x_wconf 79' lang='lat' dir='ltr'>confugerant.</span> <span class='ocrx_word' id='word_1_112' title='bbox 303 2594 338 2649; x_wconf 81' lang='lat'>²9</span> <span class='ocrx_word' id='word_1_113' title='bbox 351 2581 472 2630; x_wconf 89' lang='lat' dir='ltr'>Domum</span> <span class='ocrx_word' id='word_1_114' title='bbox 483 2581 585 2650; x_wconf 83' lang='lat' dir='ltr'>regiam</span> <span class='ocrx_word' id='word_1_115' title='bbox 620 2577 682 2633; x_wconf 83' lang='lat' dir='ltr'>vide</span> <span class='ocrx_word' id='word_1_116' title='bbox 698 2598 778 2652; x_wconf 84' lang='lat' dir='ltr'>supra</span> <span class='ocrx_word' id='word_1_117' title='bbox 793 2578 854 2632; x_wconf 87' lang='lat' dir='ltr'>Ode</span> <span class='ocrx_word' id='word_1_118' title='bbox 867 2599 909 2631; x_wconf 88' lang='grc' dir='ltr'><strong>ιιι.</strong></span> 
     </span>
     <span class='ocr_line' id='line_1_21' title="bbox 32 2654 1186 2737; baseline 0.01 -27"><span class='ocrx_word' id='word_1_119' title='bbox 32 2654 98 2715; x_wconf 83' lang='lat' dir='ltr'>hosts</span> <span class='ocrx_word' id='word_1_120' title='bbox 107 2681 218 2717; x_wconf 82' lang='lat' dir='ltr'>vacuam</span> <span class='ocrx_word' id='word_1_121' title='bbox 229 2679 236 2712; x_wconf 78' lang='grc' dir='ltr'><strong>ι</strong></span> <span class='ocrx_word' id='word_1_122' title='bbox 246 2678 310 2713; x_wconf 87' lang='lat' dir='ltr'>nam</span> <span class='ocrx_word' id='word_1_123' title='bbox 319 2659 424 2714; x_wconf 87' lang='lat' dir='ltr'>devicta</span> <span class='ocrx_word' id='word_1_124' title='bbox 434 2676 491 2715; x_wconf 86' lang='lat' dir='ltr'>erat</span> <span class='ocrx_word' id='word_1_125' title='bbox 499 2661 585 2717; x_wconf 89' lang='lat' dir='ltr'>Cleo·</span> <span class='ocrx_word' id='word_1_126' title='bbox 656 2662 690 2715; x_wconf 77' lang='lat'>35</span> <span class='ocrx_word' id='word_1_127' title='bbox 700 2660 780 2714; x_wconf 87' lang='lat' dir='ltr'>Nilos</span> <span class='ocrx_word' id='word_1_128' title='bbox 792 2661 909 2734; x_wconf 79' lang='lat' dir='ltr'>AEgypti</span> <span class='ocrx_word' id='word_1_129' title='bbox 923 2661 1018 2716; x_wconf 84' lang='lat' dir='ltr'>fluvius</span> <span class='ocrx_word' id='word_1_130' title='bbox 1029 2701 1037 2730; x_wconf 92' lang='lat'>,</span> <span class='ocrx_word' id='word_1_131' title='bbox 1054 2666 1100 2737; x_wconf 89' lang='lat' dir='ltr'>qui</span> <span class='ocrx_word' id='word_1_132' title='bbox 1112 2665 1186 2722; x_wconf 87' lang='lat' dir='ltr'>celat</span> 
     </span>
     <span class='ocr_line' id='line_1_22' title="bbox 33 2733 1184 2817; baseline 0.005 -21"><span class='ocrx_word' id='word_1_133' title='bbox 33 2757 146 2813; x_wconf 80' lang='lat' dir='ltr'>pstrs‚et</span> <span class='ocrx_word' id='word_1_134' title='bbox 157 2744 290 2800; x_wconf 77' lang='lat' dir='ltr'>Antonius</span> <span class='ocrx_word' id='word_1_135' title='bbox 305 2746 450 2798; x_wconf 80' lang='lat' dir='ltr'>extinctus.</span> <span class='ocrx_word' id='word_1_136' title='bbox 467 2744 502 2797; x_wconf 75' lang='lat'>30</span> <span class='ocrx_word' id='word_1_137' title='bbox 511 2746 583 2799; x_wconf 85' lang='lat' dir='ltr'>For·</span> <span class='ocrx_word' id='word_1_138' title='bbox 619 2747 751 2817; x_wconf 81' lang='lat' dir='ltr'>originem</span> <span class='ocrx_word' id='word_1_139' title='bbox 776 2733 884 2799; x_wconf 80' lang='lat' dir='ltr'>sitorum</span> <span class='ocrx_word' id='word_1_140' title='bbox 907 2745 1050 2813; x_wconf 66' lang='lat' dir='ltr'>mutium,</span> <span class='ocrx_word' id='word_1_141' title='bbox 1073 2746 1184 2817; x_wconf 78' lang='lat' dir='ltr'>idest,</span> 
     </span>
     <span class='ocr_line' id='line_1_23' title="bbox 32 2826 1183 2903; baseline 0.006 -25"><span class='ocrx_word' id='word_1_142' title='bbox 32 2837 88 2878; x_wconf 78' lang='lat' dir='ltr'>mne</span> <span class='ocrx_word' id='word_1_143' title='bbox 117 2829 221 2903; x_wconf 80' lang='lat' dir='ltr'>peperit</span> <span class='ocrx_word' id='word_1_144' title='bbox 251 2826 356 2880; x_wconf 84' lang='lat' dir='ltr'>divinos</span> <span class='ocrx_word' id='word_1_145' title='bbox 381 2826 497 2881; x_wconf 77' lang='lat' dir='ltr'>honores</span> <span class='ocrx_word' id='word_1_146' title='bbox 529 2832 583 2883; x_wconf 89' lang='lat' dir='ltr'>tuis</span> <span class='ocrx_word' id='word_1_147' title='bbox 618 2829 693 2900; x_wconf 87' lang='lat' dir='ltr'>cujus</span> <span class='ocrx_word' id='word_1_148' title='bbox 708 2829 795 2882; x_wconf 85' lang='lat' dir='ltr'>fontes</span> <span class='ocrx_word' id='word_1_149' title='bbox 815 2843 843 2881; x_wconf 88' lang='lat' dir='ltr'>et</span> <span class='ocrx_word' id='word_1_150' title='bbox 859 2829 974 2902; x_wconf 85' lang='lat' dir='ltr'>origines</span> <span class='ocrx_word' id='word_1_151' title='bbox 992 2827 1080 2883; x_wconf 87' lang='lat' dir='ltr'>adhuc</span> <span class='ocrx_word' id='word_1_152' title='bbox 1100 2850 1183 2885; x_wconf 89' lang='lat' dir='ltr'>nemo</span> 
     </span>
     <span class='ocr_line' id='line_1_24' title="bbox 31 2907 1184 2984; baseline 0.007 -24"><span class='ocrx_word' id='word_1_153' title='bbox 31 2907 139 2982; x_wconf 85' lang='lat' dir='ltr'>Imperiis</span> <span class='ocrx_word' id='word_1_154' title='bbox 153 2914 209 2984; x_wconf 85' lang='lat' dir='ltr'>jam</span> <span class='ocrx_word' id='word_1_155' title='bbox 230 2910 312 2965; x_wconf 87' lang='lat' dir='ltr'>finitis</span> <span class='ocrx_word' id='word_1_156' title='bbox 332 2908 515 2967; x_wconf 82' lang='lat' dir='ltr'>attribuendos</span> <span class='ocrx_word' id='word_1_157' title='bbox 525 2950 534 2981; x_wconf 88' lang='lat'>,</span> <span class='ocrx_word' id='word_1_158' title='bbox 551 2928 583 2967; x_wconf 85' lang='lat' dir='ltr'>ut</span> <span class='ocrx_word' id='word_1_159' title='bbox 618 2913 716 2977; x_wconf 77' lang='lat' dir='ltr'>scirit,</span> <span class='ocrx_word' id='word_1_160' title='bbox 736 2910 812 2965; x_wconf 83' lang='lat' dir='ltr'>audit</span> <span class='ocrx_word' id='word_1_161' title='bbox 832 2925 879 2977; x_wconf 90' lang='lat' dir='ltr'>te,</span> <span class='ocrx_word' id='word_1_162' title='bbox 902 2909 931 2964; x_wconf 82' lang='lat' dir='ltr'>id</span> <span class='ocrx_word' id='word_1_163' title='bbox 951 2927 1008 2979; x_wconf 89' lang='lat' dir='ltr'>est,</span> <span class='ocrx_word' id='word_1_164' title='bbox 1025 2926 1052 2965; x_wconf 87' lang='lat' dir='ltr'>te</span> <span class='ocrx_word' id='word_1_165' title='bbox 1071 2912 1137 2967; x_wconf 89' lang='lat' dir='ltr'>colit</span> <span class='ocrx_word' id='word_1_166' title='bbox 1155 2930 1184 2969; x_wconf 90' lang='lat' dir='ltr'>et</span> 
     </span>
     <span class='ocr_line' id='line_1_25' title="bbox 32 2989 1184 3069; baseline 0.005 -26"><span class='ocrx_word' id='word_1_167' title='bbox 32 2989 116 3046; x_wconf 83' lang='lat' dir='ltr'>Horat.</span> <span class='ocrx_word' id='word_1_168' title='bbox 130 2996 161 3048; x_wconf 86' lang='lat' dir='ltr'>in</span> <span class='ocrx_word' id='word_1_169' title='bbox 174 2996 262 3068; x_wconf 80' lang='lat' dir='ltr'>Epist.</span> <span class='ocrx_word' id='word_1_170' title='bbox 616 3010 767 3049; x_wconf 80' lang='lat' dir='ltr'>veneratur.</span> <span class='ocrx_word' id='word_1_171' title='bbox 785 2994 819 3050; x_wconf 81' lang='lat'>36</span> <span class='ocrx_word' id='word_1_172' title='bbox 835 2994 994 3060; x_wconf 81' lang='lat' dir='ltr'>Danubius,</span> <span class='ocrx_word' id='word_1_173' title='bbox 1008 2993 1104 3047; x_wconf 87' lang='lat' dir='ltr'>fluvius</span> <span class='ocrx_word' id='word_1_174' title='bbox 1115 3015 1184 3069; x_wconf 90' lang='lat' dir='ltr'>per-</span> 
     </span>
     <span class='ocr_line' id='line_1_26' title="bbox 29 3077 1185 3162; baseline 0.002 -23"><span class='ocrx_word' id='word_1_175' title='bbox 29 3084 154 3144; x_wconf 71' lang='lat' dir='ltr'>Praesenti</span> <span class='ocrx_word' id='word_1_176' title='bbox 168 3091 225 3154; x_wconf 70' lang='lat' dir='ltr'>tibtf</span> <span class='ocrx_word' id='word_1_177' title='bbox 236 3104 362 3145; x_wconf 82' lang='lat' dir='ltr'>maturos</span> <span class='ocrx_word' id='word_1_178' title='bbox 375 3091 514 3162; x_wconf 77' lang='lat' dir='ltr'>largimur</span> <span class='ocrx_word' id='word_1_179' title='bbox 529 3089 582 3143; x_wconf 83' lang='grc' dir='ltr'>Ιιο-</span> <span class='ocrx_word' id='word_1_180' title='bbox 616 3095 738 3150; x_wconf 63' lang='grc' dir='ltr'>Πῑᾶὅηῡῦ·</span> <span class='ocrx_word' id='word_1_181' title='bbox 752 3077 787 3149; x_wconf 77' lang='grc'>37</span> <span class='ocrx_word' id='word_1_182' title='bbox 797 3078 887 3150; x_wconf 59' lang='grc' dir='ltr'><strong>Τῑέἲῑθ</strong></span> <span class='ocrx_word' id='word_1_183' title='bbox 896 3091 936 3130; x_wconf 63' lang='lat'>⁰⁸1</span> <span class='ocrx_word' id='word_1_184' title='bbox 945 3078 1079 3130; x_wconf 53' lang='lat' dir='ltr'>Armeni&amp;</span> <span class='ocrx_word' id='word_1_185' title='bbox 1088 3077 1185 3147; x_wconf 66' lang='lat' dir='ltr'>flfli&#39;ius</span> 
     </span>
     <span class='ocr_line' id='line_1_27' title="bbox 88 3156 1186 3233; baseline 0.01 -29"><span class='ocrx_word' id='word_1_186' title='bbox 88 3180 167 3215; x_wconf 64' lang='lat' dir='ltr'>mm</span> <span class='ocrx_word' id='word_1_187' title='bbox 181 3201 191 3228; x_wconf 70' lang='lat'>‚</span> <span class='ocrx_word' id='word_1_188' title='bbox 617 3156 684 3211; x_wconf 88' lang='lat' dir='ltr'>adeo</span> <span class='ocrx_word' id='word_1_189' title='bbox 698 3158 797 3223; x_wconf 80' lang='lat' dir='ltr'>velox,</span> <span class='ocrx_word' id='word_1_190' title='bbox 810 3156 995 3231; x_wconf 80' lang='lat' dir='ltr'>utaliquando</span> <span class='ocrx_word' id='word_1_191' title='bbox 1006 3175 1069 3210; x_wconf 83' lang='lat' dir='ltr'>saxa</span> <span class='ocrx_word' id='word_1_192' title='bbox 1079 3161 1186 3233; x_wconf 75' lang='lat' dir='ltr'>ingon-¹</span> 
     </span>
     <span class='ocr_line' id='line_1_28' title="bbox 29 3237 1183 3318; baseline 0.004 -27"><span class='ocrx_word' id='word_1_193' title='bbox 29 3237 217 3318; x_wconf 65' lang='lat' dir='ltr'>durandusque</span> <span class='ocrx_word' id='word_1_194' title='bbox 226 3260 309 3298; x_wconf 72' lang='lat' dir='ltr'>trtius·</span> <span class='ocrx_word' id='word_1_195' title='bbox 318 3255 368 3317; x_wconf 78' lang='lat' dir='ltr'>per</span> <span class='ocrx_word' id='word_1_196' title='bbox 380 3260 481 3297; x_wconf 78' lang='lat' dir='ltr'>nonren</span> <span class='ocrx_word' id='word_1_197' title='bbox 492 3249 582 3317; x_wconf 80' lang='lat' dir='ltr'>poni·</span> <span class='ocrx_word' id='word_1_198' title='bbox 617 3241 656 3293; x_wconf 86' lang='lat' dir='ltr'>tia</span> <span class='ocrx_word' id='word_1_199' title='bbox 665 3241 856 3312; x_wconf 85' lang='lat' dir='ltr'>secumrapiat.</span> <span class='ocrx_word' id='word_1_200' title='bbox 868 3239 903 3291; x_wconf 77' lang='lat'>58</span> <span class='ocrx_word' id='word_1_201' title='bbox 909 3240 950 3293; x_wconf 88' lang='lat' dir='ltr'>Te</span> <span class='ocrx_word' id='word_1_202' title='bbox 958 3238 1033 3292; x_wconf 82' lang='lat' dir='ltr'>audit</span> <span class='ocrx_word' id='word_1_203' title='bbox 1040 3239 1183 3311; x_wconf 81' lang='lat' dir='ltr'>Oceanus,</span> 
     </span>
     <span class='ocr_line' id='line_1_29' title="bbox 88 3319 1183 3397; baseline 0.013 -31"><span class='ocrx_word' id='word_1_204' title='bbox 88 3330 148 3368; x_wconf 77' lang='lat' dir='ltr'>mus</span> <span class='ocrx_word' id='word_1_205' title='bbox 167 3335 244 3370; x_wconf 81' lang='lat' dir='ltr'>arar.</span> <span class='ocrx_word' id='word_1_206' title='bbox 617 3324 661 3395; x_wconf 90' lang='lat' dir='ltr'>qui</span> <span class='ocrx_word' id='word_1_207' title='bbox 676 3325 799 3397; x_wconf 77' lang='lat' dir='ltr'>ingentes</span> <span class='ocrx_word' id='word_1_208' title='bbox 811 3319 914 3376; x_wconf 84' lang='lat' dir='ltr'>belluas</span> <span class='ocrx_word' id='word_1_209' title='bbox 927 3323 957 3375; x_wconf 90' lang='lat' dir='ltr'>in</span> <span class='ocrx_word' id='word_1_210' title='bbox 975 3342 1002 3377; x_wconf 85' lang='lat' dir='ltr'>se</span> <span class='ocrx_word' id='word_1_211' title='bbox 1018 3326 1183 3393; x_wconf 83' lang='lat' dir='ltr'>continens,</span> 
     </span>
     <span class='ocr_line' id='line_1_30' title="bbox 58 3404 1184 3484; baseline 0.004 -25"><span class='ocrx_word' id='word_1_212' title='bbox 58 3404 87 3460; x_wconf 74' lang='lat'>31</span> <span class='ocrx_word' id='word_1_213' title='bbox 106 3410 147 3464; x_wconf 88' lang='lat' dir='ltr'>Te</span> <span class='ocrx_word' id='word_1_214' title='bbox 162 3412 275 3466; x_wconf 88' lang='lat' dir='ltr'>miratur</span> <span class='ocrx_word' id='word_1_215' title='bbox 289 3409 401 3484; x_wconf 86' lang='lat' dir='ltr'>populus</span> <span class='ocrx_word' id='word_1_216' title='bbox 414 3409 553 3482; x_wconf 73' lang='lat' dir='ltr'>Hispania</span> <span class='ocrx_word' id='word_1_217' title='bbox 566 3408 584 3462; x_wconf 78' lang='lat' dir='ltr'>d</span> <span class='ocrx_word' id='word_1_218' title='bbox 617 3405 762 3460; x_wconf 87' lang='lat' dir='ltr'>Britannos</span> <span class='ocrx_word' id='word_1_219' title='bbox 775 3407 954 3462; x_wconf 84' lang='lat' dir='ltr'>circumsonat</span> <span class='ocrx_word' id='word_1_220' title='bbox 960 3444 970 3471; x_wconf 87' lang='lat'>,</span> <span class='ocrx_word' id='word_1_221' title='bbox 984 3406 998 3459; x_wconf 74' lang='lat' dir='ltr'>l</span> <span class='ocrx_word' id='word_1_222' title='bbox 1011 3406 1089 3462; x_wconf 86' lang='lat' dir='ltr'>nobis</span> <span class='ocrx_word' id='word_1_223' title='bbox 1101 3406 1184 3481; x_wconf 76' lang='lat' dir='ltr'>longa</span> 
     </span>
     <span class='ocr_line' id='line_1_31' title="bbox 28 3486 1182 3562; baseline 0.003 -23"><span class='ocrx_word' id='word_1_224' title='bbox 28 3486 93 3542; x_wconf 87' lang='lat' dir='ltr'>nullo</span> <span class='ocrx_word' id='word_1_225' title='bbox 104 3508 166 3547; x_wconf 84' lang='lat' dir='ltr'>ante</span> <span class='ocrx_word' id='word_1_226' title='bbox 180 3493 314 3549; x_wconf 83' lang='lat' dir='ltr'>Caesarem</span> <span class='ocrx_word' id='word_1_227' title='bbox 328 3496 421 3548; x_wconf 84' lang='lat' dir='ltr'>victus.</span> <span class='ocrx_word' id='word_1_228' title='bbox 434 3491 506 3546; x_wconf 85' lang='lat' dir='ltr'>Vide</span> <span class='ocrx_word' id='word_1_229' title='bbox 519 3491 582 3546; x_wconf 85' lang='lat' dir='ltr'>Ode</span> <span class='ocrx_word' id='word_1_230' title='bbox 618 3491 760 3561; x_wconf 84' lang='lat' dir='ltr'>sejunctos.</span> <span class='ocrx_word' id='word_1_231' title='bbox 781 3487 817 3562; x_wconf 76' lang='lat'>39</span> <span class='ocrx_word' id='word_1_232' title='bbox 833 3486 906 3541; x_wconf 89' lang='lat' dir='ltr'>Galli</span> <span class='ocrx_word' id='word_1_233' title='bbox 922 3504 1037 3543; x_wconf 84' lang='lat' dir='ltr'>mortem</span> <span class='ocrx_word' id='word_1_234' title='bbox 1053 3509 1110 3543; x_wconf 90' lang='lat' dir='ltr'>non</span> <span class='ocrx_word' id='word_1_235' title='bbox 1126 3509 1182 3543; x_wconf 83' lang='lat' dir='ltr'>ex-</span> 
     </span>
     <span class='ocr_line' id='line_1_32' title="bbox 29 3569 1183 3647; baseline 0.006 -27"><span class='ocrx_word' id='word_1_236' title='bbox 29 3582 61 3621; x_wconf 76' lang='lat' dir='ltr'>n.</span> <span class='ocrx_word' id='word_1_237' title='bbox 72 3569 118 3626; x_wconf 77' lang='lat' dir='ltr'>lib,</span> <span class='ocrx_word' id='word_1_238' title='bbox 131 3595 162 3629; x_wconf 88' lang='lat' dir='ltr'>u.</span> <span class='ocrx_word' id='word_1_239' title='bbox 173 3592 202 3631; x_wconf 91' lang='lat' dir='ltr'>et</span> <span class='ocrx_word' id='word_1_240' title='bbox 211 3574 273 3630; x_wconf 89' lang='lat' dir='ltr'>Ode</span> <span class='ocrx_word' id='word_1_241' title='bbox 284 3594 334 3630; x_wconf 83' lang='lat' dir='ltr'>vtu</span> <span class='ocrx_word' id='word_1_242' title='bbox 346 3575 395 3630; x_wconf 89' lang='lat' dir='ltr'>lib.</span> <span class='ocrx_word' id='word_1_243' title='bbox 407 3595 449 3630; x_wconf 89' lang='grc' dir='ltr'><strong>ιιι.</strong></span> <span class='ocrx_word' id='word_1_244' title='bbox 461 3575 496 3627; x_wconf 79' lang='lat'>52</span> <span class='ocrx_word' id='word_1_245' title='bbox 509 3574 582 3647; x_wconf 83' lang='lat' dir='ltr'>Scy·</span> <span class='ocrx_word' id='word_1_246' title='bbox 617 3571 796 3625; x_wconf 82' lang='lat' dir='ltr'>timescebant</span> <span class='ocrx_word' id='word_1_247' title='bbox 812 3610 820 3639; x_wconf 92' lang='lat'>‚</span> <span class='ocrx_word' id='word_1_248' title='bbox 839 3570 883 3626; x_wconf 85' lang='lat' dir='ltr'>vel</span> <span class='ocrx_word' id='word_1_249' title='bbox 905 3587 1012 3646; x_wconf 87' lang='lat' dir='ltr'>propter</span> <span class='ocrx_word' id='word_1_250' title='bbox 1033 3572 1183 3644; x_wconf 80' lang='lat' dir='ltr'>ingenitam</span> 
     </span>
     <span class='ocr_line' id='line_1_33' title="bbox 29 3647 1235 3731; baseline 0 -23"><span class='ocrx_word' id='word_1_251' title='bbox 29 3647 79 3705; x_wconf 74' lang='lat' dir='ltr'>thet</span> <span class='ocrx_word' id='word_1_252' title='bbox 91 3661 245 3731; x_wconf 86' lang='lat' dir='ltr'>campestris</span> <span class='ocrx_word' id='word_1_253' title='bbox 255 3658 309 3712; x_wconf 89' lang='lat' dir='ltr'>huc</span> <span class='ocrx_word' id='word_1_254' title='bbox 319 3656 383 3712; x_wconf 89' lang='lat' dir='ltr'>illuc</span> <span class='ocrx_word' id='word_1_255' title='bbox 395 3672 519 3730; x_wconf 80' lang='lat' dir='ltr'>vagatur,</span> <span class='ocrx_word' id='word_1_256' title='bbox 530 3674 582 3712; x_wconf 85' lang='lat' dir='ltr'>nec</span> <span class='ocrx_word' id='word_1_257' title='bbox 617 3654 803 3722; x_wconf 83' lang='lat' dir='ltr'>ferocitatem,</span> <span class='ocrx_word' id='word_1_258' title='bbox 820 3653 865 3709; x_wconf 84' lang='lat' dir='ltr'>vel</span> <span class='ocrx_word' id='word_1_259' title='bbox 883 3657 946 3730; x_wconf 85' lang='lat' dir='ltr'>quia</span> <span class='ocrx_word' id='word_1_260' title='bbox 962 3656 1013 3710; x_wconf 88' lang='lat' dir='ltr'>sibi</span> <span class='ocrx_word' id='word_1_261' title='bbox 1031 3653 1181 3728; x_wconf 82' lang='lat' dir='ltr'>persuade·</span> <span class='ocrx_word' id='word_1_262' title='bbox 1227 3675 1235 3681; x_wconf 89' lang='lat'><strong>·</strong></span> 
     </span>
     <span class='ocr_line' id='line_1_34' title="bbox 30 3729 1183 3813; baseline 0.003 -25"><span class='ocrx_word' id='word_1_263' title='bbox 30 3729 55 3783; x_wconf 78' lang='lat' dir='ltr'>in</span> <span class='ocrx_word' id='word_1_264' title='bbox 63 3737 154 3793; x_wconf 86' lang='lat' dir='ltr'>eodem</span> <span class='ocrx_word' id='word_1_265' title='bbox 162 3740 226 3795; x_wconf 90' lang='lat' dir='ltr'>loco</span> <span class='ocrx_word' id='word_1_266' title='bbox 235 3757 335 3795; x_wconf 86' lang='lat' dir='ltr'>manet.</span> <span class='ocrx_word' id='word_1_267' title='bbox 345 3739 416 3794; x_wconf 85' lang='lat' dir='ltr'>Vide</span> <span class='ocrx_word' id='word_1_268' title='bbox 426 3738 488 3793; x_wconf 91' lang='lat' dir='ltr'>Ode</span> <span class='ocrx_word' id='word_1_269' title='bbox 497 3756 581 3793; x_wconf 81' lang='lat' dir='ltr'>mv.</span> <span class='ocrx_word' id='word_1_270' title='bbox 618 3737 701 3804; x_wconf 87' lang='lat' dir='ltr'>bant,</span> <span class='ocrx_word' id='word_1_271' title='bbox 721 3736 794 3812; x_wconf 86' lang='lat' dir='ltr'>quod</span> <span class='ocrx_word' id='word_1_272' title='bbox 810 3736 953 3813; x_wconf 82' lang='lat' dir='ltr'>aliquando</span> <span class='ocrx_word' id='word_1_273' title='bbox 966 3751 1183 3792; x_wconf 80' lang='lat' dir='ltr'>renascerentur.</span> 
     </span>
     <span class='ocr_line' id='line_1_35' title="bbox 31 3810 1179 3896; baseline 0.006 -30"><span class='ocrx_word' id='word_1_274' title='bbox 31 3810 71 3871; x_wconf 86' lang='lat' dir='ltr'>lib.</span> <span class='ocrx_word' id='word_1_275' title='bbox 84 3840 102 3875; x_wconf 77' lang='lat' dir='ltr'>r.</span> <span class='ocrx_word' id='word_1_276' title='bbox 112 3838 140 3877; x_wconf 88' lang='lat' dir='ltr'>et</span> <span class='ocrx_word' id='word_1_277' title='bbox 148 3822 211 3879; x_wconf 86' lang='lat' dir='ltr'>Ode</span> <span class='ocrx_word' id='word_1_278' title='bbox 227 3844 301 3879; x_wconf 79' lang='lat' dir='ltr'>xxiv.</span> <span class='ocrx_word' id='word_1_279' title='bbox 314 3824 364 3877; x_wconf 88' lang='lat' dir='ltr'>lib.</span> <span class='ocrx_word' id='word_1_280' title='bbox 377 3844 418 3878; x_wconf 86' lang='grc' dir='ltr'><strong>ιιι.</strong></span> <span class='ocrx_word' id='word_1_281' title='bbox 431 3822 466 3876; x_wconf 76' lang='lat'>53</span> <span class='ocrx_word' id='word_1_282' title='bbox 479 3822 520 3886; x_wconf 89' lang='grc' dir='ltr'>Ο,</span> <span class='ocrx_word' id='word_1_283' title='bbox 537 3824 582 3896; x_wconf 86' lang='lat' dir='ltr'>qni</span> <span class='ocrx_word' id='word_1_284' title='bbox 617 3819 756 3875; x_wconf 83' lang='lat' dir='ltr'>Bentleius</span> <span class='ocrx_word' id='word_1_285' title='bbox 767 3820 824 3876; x_wconf 78' lang='lat' dir='ltr'>vult</span> <span class='ocrx_word' id='word_1_286' title='bbox 834 3841 841 3874; x_wconf 73' lang='grc' dir='ltr'><strong><em>ε</em></strong></span> <span class='ocrx_word' id='word_1_287' title='bbox 851 3836 879 3875; x_wconf 89' lang='lat' dir='ltr'>te</span> <span class='ocrx_word' id='word_1_288' title='bbox 891 3839 949 3875; x_wconf 91' lang='lat' dir='ltr'>non</span> <span class='ocrx_word' id='word_1_289' title='bbox 960 3831 1106 3893; x_wconf 78' lang='lat' dir='ltr'>paventes,</span> <span class='ocrx_word' id='word_1_290' title='bbox 1124 3832 1179 3874; x_wconf 82' lang='lat' dir='ltr'>eto.</span> 
     </span>
     <span class='ocr_line' id='line_1_36' title="bbox 32 3903 971 3981; baseline -0.004 -22"><span class='ocrx_word' id='word_1_291' title='bbox 32 3913 124 3975; x_wconf 76' lang='lat' dir='ltr'>temper</span> <span class='ocrx_word' id='word_1_292' title='bbox 133 3921 161 3963; x_wconf 86' lang='lat' dir='ltr'>et</span> <span class='ocrx_word' id='word_1_293' title='bbox 174 3906 274 3981; x_wconf 86' lang='lat' dir='ltr'>ubique</span> <span class='ocrx_word' id='word_1_294' title='bbox 287 3908 387 3979; x_wconf 77' lang='lat' dir='ltr'>victor,</span> <span class='ocrx_word' id='word_1_295' title='bbox 406 3904 440 3959; x_wconf 87' lang='lat' dir='ltr'>sb</span> <span class='ocrx_word' id='word_1_296' title='bbox 456 3904 582 3965; x_wconf 86' lang='lat' dir='ltr'>omnibus</span> <span class='ocrx_word' id='word_1_297' title='bbox 616 3903 813 3981; x_wconf 74' lang='lat' dir='ltr'>¹40Laltoriosss</span> <span class='ocrx_word' id='word_1_298' title='bbox 823 3906 971 3979; x_wconf 74' lang='lat' dir='ltr'>Hispanis.</span> 
     </span>
    </p>
   </div>
   <div class='ocr_carea' id='block_1_5' title="bbox 943 3997 988 4070">
    <p class='ocr_par' dir='ltr' id='par_1_5' title="bbox 943 3997 988 4070">
     <span class='ocr_line' id='line_1_37' title="bbox 943 3997 988 4070; baseline 0 0"><span class='ocrx_word' id='word_1_299' title='bbox 943 3997 988 4070; x_wconf 84' lang='lat'>13</span> 
     </span>
    </p>
   </div>
   <div class='ocr_carea' id='block_1_6' title="bbox 0 0 1426 4750">
    <p class='ocr_par' dir='ltr' id='par_1_6' title="bbox 0 0 1426 4750">
     <span class='ocr_line' id='line_1_38' title="bbox 0 0 1426 4750; baseline 0 0"><span class='ocrx_word' id='word_1_300' title='bbox 0 0 1426 4750; x_wconf 95' lang='lat' dir='ltr'> </span> 
     </span>
    </p>
   </div>
  </div>
 </body>
</html>
