2842 4750
224 365 297 461 134
614 383 651 450 Q.
705 378 984 432 aonsrrr

321 521 655 625 1⁵Majorumque
685 520 819 598 fames.
846 520 879 569 ¹⁶
902 519 1000 593 Jure
1028 514 1231 620 perhorrui

368 666 402 718 17
428 650 524 724 Late
551 647 802 749 conspicuum
827 645 960 723 tollere
985 643 1200 735 verticem,

413 781 635 870 Maecenas,
662 776 838 879 equitum
864 776 992 853 decus.

320 910 473 1010 Quanto
498 906 663 1010 quisque
689 904 764 981 sihi
793 903 825 956 ¹⁸
852 902 963 1007 plura
987 896 1217 1005 negaverit,

319 1036 360 1111 A
383 1038 454 1110 Dis
476 1034 589 1137 plura
618 1050 649 1101 ¹9
678 1034 787 1110 feret.
812 1031 881 1111 Nil
911 1028 1152 1135 cupientium

369 1173 404 1210 ²0
430 1160 568 1235 Nudus
591 1173 715 1235 castra
741 1173 852 1261 peto,
872 1170 903 1206 11
929 1171 968 1233 et
989 1151 1188 1254 transfuga
1213 1145 1376 1225 divitum

422 1287 557 1362 Partes
580 1283 759 1387 linquere
786 1282 932 1387 genic,

320 1424 355 1462 11
380 1411 620 1511 Contemptae
645 1406 821 1482 dominus
844 1404 1080 1508 splendidior
1101 1401 1186 1493 rei,

323 1536 450 1637 Quam
472 1535 525 1626 si,
546 1532 743 1637 quidquid
764 1549 848 1609 arat
866 1531 900 1583 13
920 1561 998 1608 non
1024 1531 1132 1636 piger
1154 1524 1353 1634 Appulus,

371 1677 406 1727 14
434 1657 643 1737 Occultare
666 1659 763 1735 meis
787 1658 937 1737 dicerer
962 1658 1135 1749 horreis,

424 1783 458 1836 ²5
484 1786 651 1887 Magnas
672 1784 775 1860 inter
798 1810 888 1885 opes
912 1782 1035 1884 inops.

323 1915 437 1991 Purae
461 1912 568 1988 rivus
593 1940 733 2016 aquae,
759 1892 941 2014 silvaque
959 1908 1140 2014 iugerum

322 2040 574 2141 Paucorum,
599 2054 638 2112 et
662 2037 799 2141 segetis
820 2038 855 2087 ²⁶
881 2053 985 2115 certa
1009 2035 1106 2111 fides
1128 2061 1254 2128 meae,

369 2163 404 2238 F
408 2161 605 2265 algentem
629 2163 795 2266 imperio
820 2162 959 2240 fertilis
983 2162 1131 2239 Africae

425 2287 544 2363 Fallit
567 2305 665 2364 sorte
685 2287 849 2366 beatior.

325 2416 562 2517 Quanquam
588 2442 660 2489 nec
686 2430 720 2481 17
743 2413 921 2490 Calabrae
943 2412 1063 2492 mella
1082 2412 1214 2489 ferunt
1235 2438 1346 2514 apes,

324 2540 410 2614 Nec
432 2540 466 2591 18
489 2539 740 2642 Laestrigonia
762 2540 942 2617 Bacchus
964 2539 1006 2617 in
1028 2539 1218 2643 amphora

374 2678 409 2729 29
434 2663 669 2766 Languescit
690 2663 819 2759 mihi,
840 2693 913 2743 nec
935 2665 968 2717 30
990 2665 1155 2770 pinguia
1175 2662 1336 2740 Gallicis

228 2848 260 2903 15
277 2850 313 2901 Et
325 2847 455 2914 majorum
470 2844 623 2900 divitiarum
637 2846 778 2921 cupiditas.
823 2848 898 2923 quod
915 2847 1076 2903 nonhabet.
1101 2848 1136 2903 26
1153 2847 1218 2921 Spes
1238 2845 1381 2900 indubitata

211 2940 213 2945 '
266 2931 789 3003 iliObiaecenas‚eq11itumornamen-
825 2935 1018 3005 segetismere‚
1035 2927 1380 2998 vel‚fundusmeuelidelis

225 3031 300 3080 tum,
315 3034 364 3087 ego
381 3016 482 3066 merito
500 3016 584 3068 metui
603 3031 682 3088 caput
698 3023 789 3067 meum
825 3015 909 3083 fallit,
920 3017 971 3071 hoc
985 3033 1046 3081 est,
1063 3015 1128 3070 latet
1145 3035 1228 3082 eum,
1248 3011 1291 3067 vel
1303 3016 1380 3086 igno·

225 3097 362 3165 attollere,
380 3097 408 3150 id
422 3114 476 3165 est,
494 3097 530 3151 ad
549 3115 666 3151 summas
682 3098 790 3152 divitiai
824 3114 897 3152 ratur
912 3099 946 3154 ab
956 3101 1044 3172 ecqui
1054 3098 1150 3153 Africae
1160 3099 1274 3171 imperio
1288 3096 1381 3170 fulget,

226 3197 254 3237 et
274 3184 387 3235 nimiam
405 3183 554 3254 potentiam
575 3182 731 3238 ascendere.
824 3180 944 3236 beatiore
963 3197 1020 3236 esse
1039 3197 1128 3248 sorte,
1144 3197 1225 3254 qnam
1240 3182 1322 3254 ipsius
1338 3182 1381 3232 in·

265 3284 296 3336 ¹7
312 3264 416 3319 Diffusa
429 3266 574 3320 celebrem.
824 3280 918 3336 gentes
926 3281 998 3338 opes.
1020 3263 1065 3318 Sic
1083 3264 1232 3318 Lambinus
1251 3264 1325 3318 hunc
1345 3261 1382 3315 lc-

266 3349 298 3402 18
315 3349 444 3402 Pauciora
458 3348 630 3404 desiderabit.
655 3370 686 3424 ¹9
704 3349 790 3406 Acci·
825 3367 905 3413 cum,
917 3365 961 3401 me
974 3347 1081 3419 judice,
1093 3350 1207 3422 exponit
1225 3349 1382 3402 acutissime.

223 3433 291 3506 pict.
305 3448 338 3483 20
351 3430 790 3503 Pauper.0divinumH0ratium,
861 3447 895 3501 27
917 3433 948 3484 ln
968 3430 1092 3486 Calabria
1114 3446 1177 3484 sunt
1198 3430 1275 3485 flores
1294 3428 1381 3504 apibus

225 3534 307 3588 quem
322 3516 352 3567 in
369 3514 421 3567 hoc
442 3517 546 3568 utinam
560 3515 707 3569 Christiani
722 3518 790 3569 imi·
825 3517 977 3587 gratissimi.
992 3518 1026 3569 28
1044 3514 1183 3589 Amphora
1198 3510 1382 3578 Formiana‚i

222 3597 368 3651 tarentur!
390 3615 420 3649 αι
451 3596 486 3649 Et
507 3614 635 3672 tanquam
656 3597 791 3674 transfuga
825 3598 938 3653 Formiis
953 3599 1053 3673 oppido
1071 3599 1243 3672 Campania,
1262 3599 1308 3652 uhi
1327 3613 1382 3650 eoas

225 3694 254 3733 et
270 3680 404 3752 fugitivus.
424 3696 457 3731 22
476 3682 547 3734 Nam
566 3686 651 3756 magis
663 3682 790 3757 posside·
824 3680 901 3736 sedes
914 3682 1067 3736 habuerunt
1086 3684 1280 3755 Laestrigenes,
1298 3682 1342 3755 qui
1359 3691 1384 3731 er

224 3782 285 3817 mus
301 3781 400 3836 eaquae
416 3767 633 3833 contemnimus,
650 3785 729 3841 quam
743 3785 789 3834 aa,
825 3765 958 3840 Cyclopea
980 3765 1045 3820 dicti
1065 3781 1142 3831 sunt,
1162 3765 1228 3819 olim
1245 3768 1275 3819 in
1296 3761 1381 3818 Sicilia
1419 3833 1420 3836 Ἴ

224 3847 322 3919 quibus
350 3867 407 3899 non
431 3849 549 3916 utimur,
571 3852 594 3903 si
612 3849 788 3924 possidemus,
824 3847 985 3903 habitantes.
1006 3842 1382 3923 29Sensscit.301‘oecundt
1419 3885 1420 3896 t

223 3928 434 3983 2312aboriosus.
445 3938 476 3997 24
486 3931 593 3986 Habere
605 3931 786 3987 reconditum.
823 3930 932 3986 vellera.
965 3933 1050 4011 Mart²
1072 3934 1123 3988 Me
1142 3939 1261 4006 pinguis
1286 3930 1383 3986 Gallia
1418 3949 1420 3994 ᾗ

222 4013 257 4066 ab
268 4012 338 4066 Tam
351 4010 425 4069 deest
435 4031 514 4070 avaro
523 4014 595 4089 quod
605 4015 697 4089 habet,
706 4033 788 4089 quam
823 4022 927 4082 nutrit,
