2842 4750
323 379 827 456 sanuouuurmu
879 379 942 437 n,
1131 358 1248 458 δώ.

407 528 837 611 Dsussrerus.

468 681 679 783 Postquain
694 676 818 754 omnis
830 703 891 753 res
906 699 996 752 mea
1010 689 1042 728 22
1056 674 1084 752 J
1086 703 1206 752 anum

46 804 109 886 Ad
120 802 293 881 medium
309 804 343 860 23
357 804 481 881 fracta
495 821 572 896 est,
587 802 717 880 aliena
732 802 887 907 negotia
907 829 1017 893 curo,

46 942 79 992 ²4
94 930 283 1005 Excussae
299 928 472 1032 propriis.
486 929 520 980 ²⁵
535 927 641 1005 Olim
654 954 747 1004 nam
758 929 793 979 ²⁶
806 952 977 1030 quaerere
995 922 1184 1006 amabam

45 1069 78 1122 ²7
92 1056 179 1155 Quo
193 1055 305 1133 vafer
323 1054 391 1132 ille
408 1056 523 1159 pedes
539 1055 695 1134 lavisset
713 1055 747 1107 23
763 1053 947 1157 Sisyphus
961 1080 1062 1131 aere:

43 1183 150 1286 Quid
164 1161 359 1287 sculptum
371 1200 405 1252 29
417 1182 594 1277 infabre,
607 1184 640 1237 ³0
657 1181 757 1286 quid
772 1180 903 1257 fusum
917 1179 1050 1256 durius
1065 1192 1183 1282 esset:

41 1308 73 1403 32
92 1310 269 1387 Callidus
288 1309 382 1386 huic
397 1309 506 1414 signo
522 1308 717 1413 ponebam
731 1309 765 1360 32
782 1306 910 1382 millia
927 1323 1093 1384 centum.

38 1438 203 1530 Hortos,
218 1437 472 1541 egregiasque
490 1438 623 1514 domos
638 1433 852 1512 mercarier
872 1461 969 1509 unus
1043 1490 1046 1494 ›

36 1567 140 1643 Cum
159 1564 272 1641 lucro
288 1569 436 1642 noram.
452 1564 567 1663 Unde
584 1562 806 1666 frequentia
821 1561 854 1613 33
868 1560 1106 1640 Mercuriale

26 1695 265 1798 ’Imposuere
277 1690 378 1768 mihi
396 1718 611 1795 cognomen
622 1691 658 1757 34
671 1691 851 1794 compita.

454 1843 790 1924 Honsrrua

867 1953 971 2032 Novi

44 2068 75 2122 ³⁵
93 2066 286 2156 Et-morbi
299 2066 418 2145 miror
431 2083 638 2171 purgatum
652 2082 689 2168 te
705 2066 830 2172 illius„
983 2013 997 2049 i

418 2218 456 2292 D
473 2240 499 2292 s
513 2240 545 2292 ru
563 2238 590 2292 s
605 2241 623 2292 s
637 2240 653 2292 1
668 2239 693 2293 e
709 2239 735 2293 e
753 2240 779 2293 u
798 2240 830 2294 s.

361 2317 364 2322 .
714 2429 717 2433 .
868 2327 994 2433 Atqui

42 2453 201 2533 Emovit
216 2472 391 2534 veterem
404 2454 503 2532 mire
515 2456 549 2508 3⁶
564 2484 705 2550 novus,
717 2473 762 2532 ut
774 2454 889 2547 solet,
901 2456 934 2523 37
947 2455 989 2530 iu
1005 2481 1070 2533 cor

42 2578 224 2679 Trajecto
236 2578 270 2632 33
282 2580 414 2658 lateris
425 2580 580 2675 miseri,
593 2580 809 2686 capitisque
828 2579 982 2657 dolore:

42 2767 150 2846 longam
158 2789 186 2831 et
193 2774 405 2849 philosophicam
412 2791 486 2829 tuam
495 2775 607 2832 barbam
643 2775 777 2850 elegantia
790 2726 903 2841 formis,
924 2773 968 2829 tel
986 2773 1086 2829 laboris
1098 2775 1205 2848 pretim

41 2854 127 2912 radet.
141 2875 177 2910 ss
193 2859 293 2911 Janum
307 2861 399 2912 Deum
415 2858 561 2914 bifrontem
576 2862 607 2914 in
642 2859 689 2914 sed
700 2900 708 2929 ,
719 2880 768 2933 pro
784 2878 878 2914 eorum
889 2857 988 2912 duritie
1003 2873 1082 2931 atque
1099 2857 1204 2929 asperi-

42 2935 606 3012 foropositum,ubimercatoresetfoene-
642 2956 716 3009 tate,
731 2963 790 3017 qure
807 2944 871 3016 ipsis
885 2942 1051 3014 antiquitatis
1069 2953 1141 2994 notre
1158 2940 1205 2992 vi·
1237 2982 1241 2999 ,

42 3037 142 3076 ratores
151 3020 361 3077 conveniebant.
369 3023 494 3093 23Quasi
502 3022 606 3077 adsco-
642 3024 753 3079 dentur.
840 3032 843 3041 ’

41 3103 119 3175 pulos
136 3101 210 3156 illisa
225 3117 286 3170 est,
304 3101 335 3156 id
350 3120 409 3170 est,
429 3103 562 3158 diminuta
579 3121 608 3159 et
677 3108 709 3160 δι
721 3110 751 3161 ln
760 3127 794 3162 eo
800 3102 1080 3178 calliduseram,quod
1086 3103 1205 3159 sciebam

43 3200 213 3260 cousumpta.
225 3195 260 3254 24
271 3187 379 3259 Ejectus
395 3186 412 3240 a
426 3189 539 3261 propriis
551 3207 607 3241 ne·
641 3192 751 3263 signatis
765 3189 889 3263 operibus
899 3191 998 3260 justum
1014 3189 1129 3261 pretium
1146 3190 1203 3241 int-

43 3268 133 3341 gotiis.'
641 3291 751 3348 ponere.
788 3276 824 3326 32
849 3270 1005 3327 Sestertium
1030 3288 1203 3325 nummorum

79 3353 224 3406 sanrst
233 3355 412 3427 Damasippus
421 3372 450 3408 se
458 3352 607 3408 studiosum
645 3373 769 3418 too,ooo.

47 3429 608 3510 fuissevssorumentiquorurmprinsquam
677 3438 713 3491 33
732 3438 892 3492 Marsuam
919 3453 1014 3511 praest
1036 3439 1205 3493 mercaturis·

48 3515 80 3566 sit
89 3516 296 3572 factusstoicus.
307 3518 342 3571 26
351 3518 518 3591 Cognoscere
528 3536 608 3573 sma-
643 3522 677 3590 34
689 3522 792 3576 Omnes
801 3520 964 3595 populariter
969 3536 980 3587 ‚⁴
987 3523 1032 3596 qul
1041 3525 1071 3576 in
1080 3519 1205 3592 compitis

48 3592 116 3652 bam.
126 3618 159 3669 27
169 3602 261 3673 inquo
269 3617 330 3653 vase
337 3618 415 3654 aereo.
424 3604 458 3654 28
465 3600 607 3675 Sisyphon,
641 3605 880 3673 amoenabantur,
891 3625 935 3659 me
946 3604 1115 3680 appellabant
1123 3602 1204 3655 Mer-
1260 3604 1263 3609 '

46 3678 126 3734 stoli
141 3680 228 3747 filius,
243 3683 368 3737 Corinthi
383 3704 442 3739 rex.
462 3703 497 3756 29
514 3685 607 3738 Minus
641 3687 780 3742 curialem.
793 3688 828 3741 35
842 3687 998 3742 Libidinem
1011 3688 1081 3741 hanc
1094 3681 1204 3738 eruendi

45 3762 197 3815 artificiose.
217 3764 252 3816 30
271 3764 346 3834 Quid
365 3769 455 3821 minus
472 3766 607 3839 eleganter
640 3789 683 3825 res
700 3789 802 3837 vanas,
821 3773 918 3826 merito
936 3769 1060 3823 morbum
1079 3764 1206 3840 appellat.
1256 3762 1257 3765 '

47 3856 116 3896 esset
128 3845 281 3899 conflatum.
292 3849 346 3903 Hic
360 3849 428 3904 salse
437 3849 541 3905 deridet
552 3869 606 3903 an-
677 3854 713 3907 36
729 3855 824 3909 Novus
836 3855 945 3910 morbus
959 3867 1078 3904 veterem
1090 3847 1204 3921 depulit.

45 3926 182 3998 tiquorum
201 3944 341 3985 sectatores
354 3973 363 3998 ‚
375 3937 427 4013 3¹¹5
449 3953 528 4001 rasa,
546 3950 605 3988 sta·
640 3937 675 4008 57
684 3940 715 3990 ln
724 3955 754 3990 os
765 3937 924 4003 tentriculi,
939 3930 1102 3997 »aptamus
1115 3930 1205 3994 Gale-2

48 4016 124 4085 turs,
142 4029 320 4092 numrmtque
335 4006 542 4074 aestimantem
555 4037 605 4094 prq
639 4036 692 4078 nus
702 4020 830 4100 appellat:
842 4020 876 4079 58
887 4013 1051 4097 Issleuriridis²
