2842 4750
178 353 245 409 nn
300 352 450 410 Anus·
502 347 770 407 'constes
822 350 1015 409 t1nen.
1102 350 1176 430 477

15 488 65 563 Et
79 486 171 563 vitae
187 503 393 563 monstrata
409 486 475 561 via
490 500 569 577 est;
590 500 628 559 et
644 484 678 548 43
695 482 821 584 gretia
837 509 975 582 regum

15 630 47 679 49
66 613 205 689 Pieriis
223 630 369 689 tentata
387 610 536 702 modis;
558 611 591 660 50
611 608 802 711 ludusque
823 623 1021 708 repertus,

14 735 43 787 ⁵¹
61 738 111 813 Et
128 737 327 838 longorum
343 761 501 840 opetum
518 733 605 809 linis
620 764 629 808 ι
647 733 679 783 ⁵²
697 760 746 806 ne
764 732 862 807 forte
876 728 1015 831 pudori

11 864 69 942 Sit
90 863 162 939 tibi
183 866 297 938 Musa
320 862 424 964 lyree¹
436 862 469 912 ⁵³
485 861 600 938 solers
617 877 655 935 et
671 874 804 934 cetttor
820 858 855 922 ⁵4
871 845 1024 959 Apollo.

14 991 165 1071 Nature
190 990 298 1066 fieret
317 989 516 1066 laudabile
541 1016 725 1079 carmen,
746 1015 797 1062 an
818 1002 926 1078 arte,

11 1117 43 1166 ⁵⁵
60 1115 272 1216 Queesitum
289 1131 355 1192 est.
373 1116 454 1218 Ego
471 1142 544 1191 nec
562 1115 595 1165 5⁶
609 1114 780 1191 studium
794 1113 875 1188 sine
891 1111 1013 1187 divite
1034 1139 1154 1204 vena,

11 1241 97 1317 Nec
112 1240 145 1308 ⁵7
158 1239 254 1315 rude
276 1239 372 1342 quid
392 1238 508 1342 prosit
523 1239 638 1314 video
652 1237 853 1340 ingenium
869 1269 878 1313 :
896 1236 929 1287 66
944 1235 1100 1313 alterius
1115 1238 1171 1313 sic

11 1369 148 1446 Altera
163 1368 284 1472 poscit
297 1394 413 1471 opem
428 1395 513 1460 res,
529 1384 566 1442 et
583 1368 615 1434 ⁵9
630 1366 805 1465 conjurat
819 1363 959 1439 amice.

11 1493 90 1595 Qui
113 1493 241 1567 studet
262 1510 431 1594 optatam
451 1494 484 1544 ⁶0
503 1519 618 1568 cursu
638 1492 862 1593 contingere
882 1505 1056 1579 metam,

11 1619 141 1696 Multa
161 1619 274 1708 tulit,
295 1617 466 1720 fecitque
487 1621 517 1668 ⁶1
539 1645 658 1720 puer3
677 1620 710 1668 ⁶²
729 1616 909 1706 sudavit,
929 1633 968 1691 et
984 1616 1095 1709 alsit3

11 1742 214 1818 Abstinuit
232 1743 386 1820 Venere
409 1759 448 1816 et
471 1742 503 1793 ⁶3
522 1743 613 1817 vino
630 1773 640 1819 ε
658 1743 692 1806 64
713 1739 784 1844 qui
799 1740 943 1841 Pythia
964 1756 1096 1817 cantat

11 1864 207 1956 Tibicen,
230 1866 369 1940 didicit
389 1869 516 1968 prius,
539 1866 795 1969 extimuitque
815 1865 1054 1966 magistrum.

11 1992 42 2042 ⁶⁵
61 1994 178 2071 Nunc
196 1991 287 2065 satis
305 2005 361 2065 est
383 1989 522 2066 dixisse
539 1993 645 2092 :Ego
664 1989 763 2064 mira
780 1990 1171 2093 po‘e'mata66pa11goe

11 2112 1171 2215 ⁶70ccupetextremumscebies:mihiturpe⁶⁸relinquiest,

10 2239 41 2306 69
64 2241 115 2314 Et
133 2239 238 2341 quod
257 2267 334 2314 non
351 2237 498 2331 didici,
521 2266 611 2314 sene
634 2237 782 2315 nescite
806 2220 937 2315 fateri.

10 2406 42 2460 ab
59 2405 184 2481 Apolline
202 2404 273 2459 dcta.
291 2406 326 2472 48
343 2407 469 2459 Amicitia
481 2424 572 2479 regum
607 2405 704 2479 frigora
719 2402 836 2478 pertulit.
855 2403 890 2457 65
907 2404 999 2457 Romae
1014 2406 1090 2476 pueri
1103 2407 1168 2458 tino

10 2490 173 2546 carminibus
190 2504 342 2563 comparata
359 2504 408 2542 est.
608 2488 786 2542 abstinebant.

45 2594 80 2648 49
87 2572 572 2645 CarminibusMusarum‚quaePieri·
642 2573 677 2639 64
689 2572 823 2636 Tibicen,
837 2569 972 2624 adhibitus
985 2569 1019 2622 nd
1033 2570 1169 2627 canendas

10 2657 57 2711 des
66 2656 243 2731 appellantur.
254 2658 289 2710 50
298 2654 451 2714 Oblectatio
463 2657 571 2709 animo·
606 2655 697 2709 laudes
706 2652 837 2727 Apollinis
850 2656 880 2705 in
894 2653 1013 2726 Pythiis,
1027 2652 1055 2705 id
1068 2670 1125 2721 est,
1138 2659 1169 2712 in

10 2758 85 2805 rum,
100 2740 203 2793 scilicet
216 2737 360 2793 Comoediae
373 2753 401 2792 et
412 2737 570 2811 Tragoediee.
606 2736 676 2790 ludis
688 2735 828 2789 celebratis
839 2735 1008 2811 inhonorem
1019 2736 1167 2808 Apollinis,

10 2822 39 2875 51
57 2823 172 2892 Requies
186 2823 267 2873 animi
281 2837 340 2897 post
352 2819 446 2893 longos
457 2819 570 2875 labores.
607 2822 651 2893 qui
671 2818 821 2892 Pythonem
842 2833 993 2891 serpentem
1013 2818 1168 2892 occiderat,

10 2905 133 2958 Animos
154 2908 229 2954 enim
236 2902 331 2974 sessos
348 2921 445 2956 versus
461 2918 488 2954 et
505 2906 571 2975 lj'rc
606 2901 652 2957 hic
665 2902 782 2955 Tibicen
798 2899 909 2965 didicit,
927 2915 979 2954 etc.

9 2987 158 3039 relaxant.
172 2985 206 3037 52
219 2985 285 3038 Haec
296 2983 351 3036 dixi
364 3024 371 3049 ,
385 2987 401 3037 6
413 2984 491 3053 Piso,
500 3004 534 3041 ne
545 3001 571 3039 te
642 2985 675 3038 65
686 2985 736 3037 His
745 2986 849 3036 miseris
858 2980 1030 3054 temporibus.
1039 2982 1075 3035 66
1082 2983 1167 3038 Com·

9 3064 113 3141 pudent
128 3075 233 3139 poetam
247 3085 314 3120 esse.
327 3067 361 3119 53
375 3068 471 3136 Peritti.
606 3065 729 3139 pono‚id
736 3080 845 3137 est,ego
851 3082 958 3137 possum
967 3065 1034 3116 mira
1044 3075 1167 3137 poemata

46 3150 82 3215 54
107 3148 202 3221 Apollo
226 3151 349 3202 inventor
371 3148 499 3217 citharae,
526 3151 572 3223 qui
606 3168 766 3222 componete
788 3188 797 3213 ,
826 3153 921 3219 inquit
948 3149 1040 3198 malus
1072 3161 1165 3221 poeta.

9 3233 99 3288 Musis
116 3247 219 3305 praeest.
606 3234 640 3305 67
653 3231 775 3305 Meteph.
789 3223 872 3284 'ducta
888 3228 904 3282 d
915 3230 974 3283 lusu
986 3250 1127 3302 puerorum
1138 3255 1167 3290 ee

47 3315 81 3369 56
92 3317 124 3367 ln
134 3317 339 3368 controversiam
349 3328 471 3384 vocetur,
483 3331 572 3370 utrum
606 3332 699 3371 mutuo
718 3314 753 3368 ad
769 3312 929 3368 currendum
949 3311 1145 3369 cohortantium
1158 3356 1166 3383 ,

12 3398 93 3459 Poeta
109 3413 233 3451 nascatur
250 3417 285 3451 an
298 3399 364 3451 fiat?
607 3401 652 3472 qui
660 3397 996 3471 scabiemimptecenturei
1004 3397 1048 3468 qui
1057 3396 1167 3451 ultimus

50 3482 139 3536 bbArs
149 3483 207 3535 sine
218 3480 343 3535 foecundo
353 3483 471 3554 ingenio.
479 3482 511 3553 57
523 3486 572 3537 ln·
607 3480 642 3534 ad
654 3481 756 3535 calcem
768 3481 928 3553 pervenerit.
944 3477 988 3532 Sic
1000 3478 1126 3535 indoctus
1139 3497 1168 3536 et

13 3566 120 3637 genium
141 3578 197 3618 arte
217 3583 273 3617 non
293 3563 449 3637 expolitum.
473 3565 507 3617 58
527 3564 572 3618 Sic
608 3564 735 3637 gloriosus
749 3565 831 3616 Poeta
847 3580 903 3615 non
923 3561 979 3615 vult
998 3562 1027 3614 in
1045 3579 1167 3620 extremo

11 3662 120 3712 natura,
138 3661 165 3699 et
183 3644 305 3699 doctrine
323 3646 462 3700 metuisse
479 3646 572 3719 opibus
608 3646 700 3699 ordine
716 3647 831 3711 versari,
849 3642 895 3697 sed
913 3663 987 3697 suam
1001 3646 1067 3715 tegit
1083 3648 1168 3719 igno-

11 3730 112 3800 juvant.
134 3728 170 3801 59
188 3728 337 3782 Consentit.
606 3731 720 3782 rentiam
734 3730 876 3799 jactatione
893 3743 919 3780 et
941 3725 1061 3779 audacie.
1081 3727 1116 3781 68
1133 3731 1166 3782 ln

48 3814 83 3865 6ο
96 3812 201 3866 Labore
221 3827 248 3865 et
263 3831 343 3885 opere
359 3809 393 3865 ad
406 3811 487 3869 finem
507 3830 572 3885 per·
607 3829 684 3884 cursu
702 3810 827 3884 relinqui.
848 3811 883 3882 69
902 3812 937 3862 Et
956 3826 1019 3861 sene
1034 3822 1109 3882 turpe
1126 3825 1168 3864 est

13 3896 103 3949 tenire
125 3894 177 3948 sibi
200 3897 372 3967 propositum.
394 3895 426 3948 61
451 3902 511 3956 neit
528 3905 572 3961 iis,
607 3894 689 3961 mihi,
709 3896 797 3967 inquit
813 3894 898 3947 malus
913 3892 1012 3956 Poeta,
1031 3890 1106 3948 fateri
1121 3912 1166 3952 me

12 3994 74 4046 cupi
85 3993 155 4033 estet
169 3995 246 4051 puer.
263 3978 298 4032 62
313 3976 437 4033 Calorem
452 3981 535 4055 sensit
546 3992 574 4033 et
607 3976 675 4031 illud
687 3979 791 4034 nescite
803 3975 874 4049 quod
883 3993 939 4029 non
948 3970 1043 4053 didici.¹
