2842 4750
197 323 272 400 265
577 344 613 413 Q.
668 343 947 399 nouerit

195 477 230 529 66
248 478 447 553 Hactenus
464 474 549 552 haec
567 508 576 553 :
594 479 628 545 ⁶9
646 477 770 567 alias,
787 476 932 575 iustum
950 478 1025 571 sit,
1041 505 1195 574 necne,
1216 486 1374 587 poema.

196 605 312 681 Nunc
331 604 431 679 illud
448 621 602 682 tantum
620 623 654 673 7ο
669 635 842 710 quaeram
856 667 868 701 ,
884 608 1075 685 meritone
1091 600 1165 685 tibi
1183 610 1233 688 sit

196 735 425 836 Suspectum
449 761 568 836 genus
588 732 662 810 hoc
680 751 712 803 71
735 735 950 814 scribendi.·
967 752 1001 806 ⁷²
1023 737 1176 814 Sulcius
1198 766 1290 815 acer

196 859 408 954 Ambulat‚
421 879 460 938 et
474 861 658 965 Caprius,
672 862 706 930 73
716 865 826 939 rauci
838 864 964 957 male,
976 892 1144 970 cumque
1158 882 1194 935 74
1206 866 1371 957 libellis,

195 991 366 1093 Magnus
382 1008 545 1096 uterque
564 992 597 1059 7⁵
615 992 731 1069 timor
747 991 972 1072 latronibus.
996 995 1166 1070 Athene
1185 996 1215 1071 si
1233 995 1345 1101 quis,

195 1118 231 1184 76
252 1122 302 1195 Et
318 1109 423 1224 puris
440 1120 551 1196 vivat
567 1120 768 1214 manibus,
788 1136 1010 1198 contemnat
1024 1140 1248 1228 utrumque.

195 1262 232 1313 77
248 1246 303 1320 Ut
319 1247 369 1323 sis
386 1259 429 1322 tu
446 1246 584 1324 similis
603 1247 724 1342 Coeli,
740 1247 960 1352 Byrrhique
978 1248 1173 1325 latronum
1187 1284 1198 1343 ;

194 1371 231 1441 73
248 1375 337 1449 Non
355 1403 425 1479 ego
441 1377 514 1453 sim
532 1379 648 1478 Capri
665 1435 676 1468 ,
693 1403 820 1480 neque
838 1377 954 1454 Sulci.
977 1375 1057 1454 Cur
1077 1394 1225 1454 metuas
1243 1390 1342 1459 me?

195 1512 229 1567 79
246 1498 366 1573 Nulla
383 1499 546 1577 taberna
564 1529 670 1580 meos
693 1500 859 1592 babeat,
877 1524 1005 1605 neque
1021 1502 1056 1555 69
1073 1501 1153 1608 pila
1170 1504 1351 1600 libellos,

196 1621 229 1673 31
250 1624 368 1725 Queis
385 1651 521 1703 manus
539 1621 694 1704 insudet
710 1628 819 1731 vulgi
835 1688 846 1720 ‚
862 1630 1193 1732 Hermogenisque
1209 1630 1367 1733 Tigellts

196 1747 231 1797 ⁸2
244 1749 282 1823 N
286 1777 329 1825 ec
347 1752 510 1827 recitem
522 1751 729 1857 cuiquam,
743 1754 817 1830 nisi
837 1753 999 1845 amicis,
1013 1749 1133 1857 idque
1150 1753 1183 1805 63
1197 1774 1365 1833 coactus.

196 1877 287 1953 Non
308 1878 463 1971 ubivis,
487 1909 666 1959 coramve
695 1880 949 1986 quibuslibet.
970 1882 1005 1946 64
1022 1886 1069 1959 Iu
1085 1882 1217 1959 medio
1235 1885 1306 1986 qui

196 2004 347 2107 Scripta
365 2007 447 2084 soro
464 2009 628 2086 recitent
643 2069 655 2103 ‚
670 2026 759 2087 sunt
777 2009 890 2085 multi
906 2043 917 2102 3
933 2009 967 2060 65
986 2009 1132 2112 quique
1150 2007 1351 2087 lavantes:

194 2128 231 2179 ⁸⁶
255 2131 383 2209 Suave
406 2133 513 2214 locus
534 2137 623 2213 voci
647 2152 801 2212 resonat
821 2133 1036 2213 conclusus.
1060 2133 1094 2201 67
1119 2136 1260 2211 Inaues

195 2260 282 2337 Hoc
300 2261 436 2359 juvat,
456 2263 562 2340 haud
584 2264 685 2341 illud
708 2280 948 2368 quarentes,
967 2291 1064 2339 num
1081 2261 1116 2314 66
1132 2262 1214 2338 siue
1233 2291 1371 2360 sensu,

197 2388 388 2491 Tempore
411 2420 507 2466 num
530 2392 678 2467 faciant
699 2392 733 2459 89
758 2386 898 2468 alieno.
922 2389 1084 2464 Laedere
1106 2389 1277 2492 gaudee,

196 2515 331 2615 Inquis
346 2573 357 2607 ‚
375 2533 413 2591 et
431 2516 505 2593 hoc
524 2534 559 2584 96
576 2518 702 2593 studio
719 2545 860 2621 pravus
877 2516 986 2593 facis.
1005 2514 1120 2590 Unde
1136 2516 1305 2619 petitum
1408 2577 1413 2587 .

196 2657 227 2708 9Ι
246 2638 331 2718 Hoc
350 2645 391 2718 in
409 2675 470 2721 me
484 2646 609 2745 jacis?
639 2662 673 2714 92
692 2662 747 2723 est
764 2663 898 2722 auctor
915 2644 1001 2749 quis
1019 2642 1188 2747 denique
1208 2662 1371 2739 eorum,

230 2844 266 2897 68
279 2845 419 2899 Hactenus
427 2860 517 2900 utrum
528 2863 614 2919 satyra
624 2863 651 2901 et
659 2868 763 2903 comoe-
835 2867 870 2920 79
882 2847 918 2899 Et
931 2865 980 2900 cur
992 2847 1032 2898 vis
1047 2859 1185 2910 metuere,
1199 2846 1221 2898 si
1233 2844 1311 2899 nulla
1323 2862 1369 2900 ta-

196 2926 241 2981 dia
256 2932 309 2982 sint
323 2937 419 3004 poema
433 2948 439 2982 τ
454 2931 532 3002 qtcod
546 2933 687 2985 Horatius
703 2952 763 2985 non
797 2932 900 2998 berna,
918 2944 969 2984 etc.
988 2931 1023 2983 80
1037 2928 1095 2982 Pila
1107 2942 1147 2982 est
1157 2928 1369 3002 bibliopolarum

195 3011 318 3065 dubitat.
340 3014 375 3086 69
391 3013 453 3066 Alio
467 3028 588 3087 tempore
603 3032 762 3087 quatemus.
798 3015 946 3080 columna,
976 3012 1011 3067 ad
1029 3028 1109 3086 quam
1126 3011 1283 3085 prostabant
1305 3012 1368 3067 libri

196 3111 231 3166 70
246 3096 370 3166 (ineram
384 3096 399 3149 ti
413 3112 460 3162 te,
482 3098 640 3151 oliomane.
661 3116 692 3171 7¹
709 3096 763 3151 Sa·
799 3099 917 3154 venales.
930 3100 960 3152 81
974 3098 1050 3168 Quos
1059 3096 1153 3169 vulgus
1163 3097 1368 3150 manibusterat

194 3190 259 3249 tyra
270 3180 314 3233 vel
328 3184 468 3235 comoedias
481 3201 575 3254 genus.
800 3182 963 3256 etTigellius
973 3179 1169 3252 unusbvulgul
1181 3181 1259 3235 82Et
1267 3181 1369 3235 Prete-

230 3265 415 3334 72Accusator
426 3268 587 3329 acerrimum
598 3268 667 3319 sicut
675 3280 703 3318 et
712 3265 762 3320 Ca.
797 3285 844 3320 rea
855 3286 912 3319 non
922 3267 1026 3328 recito,
1042 3277 1095 3318 etc.
1107 3262 1142 3316 83
1156 3263 1219 3316 Non
1237 3262 1365 3317 libenter.

195 3348 277 3419 prius.
284 3348 318 3420 73
325 3349 588 3422 assiduitateagendi
595 3346 672 3401 valde
677 3351 760 3401 rauci.
834 3351 868 3415 84
878 3349 1006 3422 Loquitur
1014 3347 1124 3420 aliquis,
1134 3346 1243 3400 Hotuii
1251 3364 1368 3402 consue·

195 3441 229 3502 74
242 3432 311 3487 Cum
320 3432 419 3488 libellis
429 3436 617 3499 accusatoriis,
626 3436 654 3485 in
665 3431 762 3504 quibus
797 3430 1080 3506 tudinemlmptobans
1089 3449 1096 3483 ε
1106 3429 1370 3497 arnsteinensem.

194 3517 396 3584 maleficorum,
419 3534 447 3573 et
467 3520 578 3571 nomina
601 3531 628 3571 et
647 3517 762 3568 crimina
798 3519 832 3572 85
845 3520 978 3570 Levantes
989 3518 1019 3568 iu
1035 3514 1148 3569 balneis.
1166 3514 1201 3566 86
1214 3516 1305 3568 Locus
1318 3534 1370 3569 can

194 3616 271 3657 erant
294 3606 401 3676 scripta.
426 3601 460 3673 75
484 3598 604 3675 Uterque
624 3598 762 3654 horribilis
796 3613 913 3655 meratus
934 3602 963 3652 in
983 3598 1087 3653 balneis
1106 3599 1221 3653 ruatber
1239 3599 1304 3652 voci
1322 3617 1370 3652 re»-

194 3686 353 3741 latronibus.
798 3699 884 3738 sonat.
906 3685 940 3754 87
960 3685 1046 3737 Leues
1062 3681 1158 3733 Pctus
1172 3679 1232 3732 boc
1244 3682 1332 3751 juvat.
1356 3696 1361 3699 ·

230 3773 265 3844 76
287 3774 369 3824 Vivat
386 3770 511 3823 manibus
529 3770 545 3821 a
563 3769 663 3822 scelere
678 3770 762 3842 puris.
799 3792 804 3801 ·
834 3766 869 3819 88
882 3765 979 3819 Stulte.
1000 3767 1035 3837 89
1050 3764 1185 3835 Tempore
1202 3765 1370 3835 incongruo.

195 3866 229 3927 77
249 3855 379 3926 Quamis
397 3868 427 3905 tu
446 3855 481 3905 sis
494 3852 588 3904 similis
601 3852 689 3919 Coeli,
709 3867 762 3906 etc.
834 3869 869 3923 9⁰
883 3852 1052 3924 Dataopera.
1067 3868 1098 3920 9¹
1111 3847 1172 3900 Hoc
1181 3845 1249 3898 mibi
1260 3847 1371 3918 objicis

194 3942 229 4013 78
241 3939 268 3992 Si
281 3958 329 4011 ego
342 3940 392 3990 sim
402 3935 600 3992 accusatoribus
611 3934 762 4005 dissimilis,
799 3952 834 4007 92
848 3935 974 4007 Denique
983 3936 1042 4006 quis
1054 3948 1146 3985 eorum
1160 3942 1199 3984 est
1211 3946 1327 3997 auctor,
1339 3927 1372 3983 id

197 4022 437 4082 curmctuasme?
463 4038 464 4043 ¹
538 4016 544 4035 “
799 4016 1057 4091 est‚deletor,cum
1068 4013 1373 4090 quibusvixiiNullus..
