2842 4750
303 269 639 354 clamauit
689 274 801 331 siu.
855 277 943 361 ιι.Ι
1055 243 1072 318 s
1137 255 1187 352 87

222 401 431 478 Fertilibus
456 388 614 481 domiuo
640 402 771 503 priori.

123 529 228 605 Tum
254 526 371 627 spissa
394 526 514 602 ramis
536 525 669 601 laurea
697 525 866 602 fervidos

120 649 315 725 Excludet
337 649 354 700 ⁸
377 649 488 727 ictus.
511 665 527 715 9
553 651 642 724 Non
663 648 719 725 ita
745 649 907 724 Romuli

173 786 208 824 ¹⁰
223 774 495 875 Praescriptum
521 788 559 849 et
582 772 723 849 intonsi
749 774 908 850 Catonis

224 912 256 948 ¹¹
280 896 504 1000 Auspiciis,
534 914 788 1000 veterumque
814 924 963 977 norma.

121 1039 156 1076 ¹²
180 1023 360 1132 Privatus
382 1023 459 1100 illis
483 1051 617 1100 census
640 1039 723 1099 erat
745 1022 900 1113 brevis,

123 1147 157 1200 ¹3
180 1150 392 1225 Commune
415 1176 612 1250 magnum.
639 1163 671 1213 14
694 1146 815 1223 Nulla
838 1145 1088 1250 decempedis

172 1272 206 1322 ¹⁵
227 1273 378 1348 Metata
403 1273 564 1376 privatis
585 1299 748 1373 opacam

224 1401 398 1481 Porticus
422 1398 643 1501 excipiebat
666 1401 699 1448 ¹⁶
722 1401 902 1483 Arcton:

124 1540 157 1592 ¹⁷
179 1528 264 1601 Nee
290 1525 491 1601 fortuitum
515 1552 692 1628 spernere
720 1525 904 1628 cespitem
949 1548 951 1551 ·

74 1646 78 1655 ’
123 1653 246 1754 Leges
265 1651 469 1745 sinebant,
497 1653 637 1757 oppida
661 1652 822 1756 publico

172 1778 334 1878 Sumptu
355 1777 554 1874 jubentes,
582 1795 620 1854 et
642 1779 802 1855 deorum

225 1901 390 2004 Templa
412 1931 513 1978 novo
535 1904 714 1980 decorare
739 1931 841 1980 saxo.

37 2102 101 2154 uino
109 2100 168 2154 loca
178 2115 253 2154 erant
264 2100 376 2168 fertilia,
387 2120 462 2155 nunc
471 2102 584 2176 infrugi-
619 2107 674 2157 tivo
685 2088 804 2177 tempore
817 2101 1013 2169 inambularet,
1036 2101 1104 2158 adeo
1117 2120 1182 2158 am·

35 2180 92 2236 fera.
102 2186 118 2236 8
129 2182 237 2239 Colores
246 2183 318 2238 solis.
619 2186 709 2259 piam,
722 2201 751 2238 ut
768 2204 799 2239 ea
814 2187 966 2259 perveniret
979 2185 1013 2238 ad
1028 2205 1183 2239 mensuram

64 2265 163 2336 9Ordo
173 2281 226 2321 est:
239 2287 296 2320 non
305 2269 343 2319 ita
352 2269 534 2341 prescriptum
545 2283 585 2321 est
621 2269 716 2322 decem
728 2267 837 2342 pedum.
851 2267 1020 2341 Decempeda
1032 2283 1071 2320 ost
1080 2269 1182 2341 pertica

35 2351 148 2423 auspiciis
160 2350 266 2404 Romuli
281 2366 308 2405 et
321 2350 432 2405 Catonis
447 2365 585 2405 veterum-
620 2349 832 2426 decempedam,
843 2352 872 2403 in
883 2368 935 2424 qua
946 2351 1049 2405 labrire
1057 2369 1183 2405 mensura

34 2451 79 2503 que
95 2453 198 2487 norma.
221 2453 252 2489 10
267 2434 442 2508 Praeceptum.
459 2425 583 2507 Metaph.
620 2436 766 2507 colligitur.
785 2434 815 2487 15
826 2430 1181 2506 ‘Decempedismensurata

34 2510 105 2567 ducta
123 2515 138 2568 i
153 2515 351 2591 ludimagistris.
373 2538 400 2569 ιι
420 2517 537 2587 Legibus
557 2533 585 2571 et
624 2521 655 2573 ιδ
667 2521 763 2573 Ursam
780 2532 879 2570 astrum
897 2516 1014 2571 boreale.
1039 2536 1068 2587 ¹7
1083 2518 1183 2574 Sensus

34 2612 153 2667 potestate
166 2599 272 2653 Romuli
284 2599 546 2667 Romaeconditoris‚
558 2615 585 2653 et
620 2618 659 2657 est
685 2601 781 2674 :leges
804 2599 930 2653 vetabant
950 2601 1085 2653 Romanos
1104 2600 1181 2657 villas

34 2677 582 2748 Catonisintonsi,idest‚hirsutietseveri.
620 2682 1184 2758 sumptuosasetporticusredilicarezqua-
1273 2726 1275 2729 Α

36 2778 63 2813 ss
74 2763 113 2816 llli
128 2784 237 2838 parvam
253 2780 280 2819 et
293 2780 433 2839 angustam
448 2766 585 2820 habebant
619 2784 725 2842 propter
745 2769 828 2820 vitam
852 2765 965 2837 agebant
986 2761 1135 2839 simplicem
1154 2781 1184 2820 et

32 2860 83 2898 rem
111 2846 281 2902 familiarem.
312 2848 343 2901 13
365 2849 432 2903 Rem
449 2847 585 2922 publicam
619 2854 677 2905 sine
688 2850 852 2915 ambitione,
865 2868 916 2902 nec
928 2850 1039 2900 omnino
1053 2848 1186 2902 curabant

32 2930 112 3002 magni
125 2931 302 2987 aestimabant.
599 2985 600 2988 ,
617 2936 733 3007 privatas
748 2952 836 3007 opes,
859 2947 889 2985 ut
903 2933 948 3004 qui
965 2948 1045 2982 omne
1063 2929 1185 2985 studium

65 3012 191 3077 14Nemo
200 3015 317 3087 privatus
325 3013 443 3069 habebat
449 3014 582 3086 porticum
619 3017 730 3088 publico
745 3016 852 3070 ornatui
869 3029 897 3069 et
914 3011 1021 3086 templis
1036 3011 1182 3086 impende.

32 3099 249 3171 septentrionibus
262 3102 412 3175 objectam,
427 3102 458 3153 in
468 3118 520 3173 qus
529 3119 584 3154 sss·
617 3098 693 3153 bant.
