2842 4750
243 327 318 419 '460
617 320 667 412 o.'
708 337 985 399 nonsrrr

227 474 283 557 ‚Si
302 470 397 577 quid
410 487 444 539 74
460 469 702 573 inerpertum
717 495 841 545 scenae
856 464 1085 559 committis,
1103 481 1141 543 et
1154 468 1281 544 audes

241 603 275 671 75
295 604 503 678 Personam
520 598 688 675 formare
708 623 875 688 novam,
892 611 1065 673 servetur
1076 597 1110 662 ⁷⁶
1123 596 1173 671 ad
1185 596 1345 688 imum,

240 724 376 830 Que'lis
392 741 426 793 77
439 721 490 799 ab
505 722 673 824 incoepto
686 718 933 824 processerit,
947 735 987 795 et
999 718 1034 786 73
1046 718 1121 795 sibi
1139 734 1303 799 constet.
1320 714 1326 719 ’

239 865 275 918 79
292 848 465 925 Difficile
481 862 537 923 est
550 845 702 948 proprie
713 844 945 931 ,eommunia
968 843 1097 920 dicere
1115 875 1124 922 :
1145 863 1269 945 tuque

239 970 401 1050 Rectius
418 973 453 1026 39
468 972 635 1048 Iliacum
654 998 812 1047 carmen
831 967 991 1046 deducis
1006 969 1038 1020 ⁸¹
1057 969 1254 1059 inactus,
1406 1002 1407 1057 ,

228 1104 369 1205 Quam
385 1100 416 1177 si
434 1098 621 1204 proferres
641 1097 796 1201 ignota,
811 1096 846 1147 3²
863 1095 1090 1201 indictaque
1113 1096 1278 1198 primus,

239 1226 273 1281 33
290 1225 455 1303 Publica
472 1224 651 1301 materies
659 1223 806 1325 privati
828 1222 922 1321 juris
944 1221 1039 1314 erit,
1058 1222 1094 1288 34
1108 1221 1140 1297 si

240 1352 326 1427 Nec
343 1350 448 1427 circa
464 1350 497 1402 35
517 1348 638 1428 vilem
654 1346 909 1451 patulumque
926 1345 1138 1423 moraberis
1160 1345 1325 1440 orbem3

240 1473 375 1549 86‘Nec
392 1472 555 1550 verbum
574 1469 695 1550 verbo
717 1469 872 1547 curubis
884 1462 1081 1562 reddere,
1102 1470 1204 1550 fidus

239 1599 455 1700 Interpres3
471 1597 505 1664 37
522 1588 768 1671 ῃεόάθεὶΙίοε
788 1591 962 1670 imitator
977 1595 1019 1670 in
1036 1611 1215 1703 arctum,

240 1723 354 1799 Unde
372 1723 510 1825 pedem
526 1722 561 1775 33
577 1723 747 1826 proferre
761 1721 885 1822 pudor
903 1737 1031 1815 vetet,
1052 1740 1120 1800 eut
1137 1724 1261 1828 operis
1273 1725 1383 1801 uter.

239 1847 325 1921 Neo
342 1846 396 1923 sic
413 1846 598 1951 incipies,
615 1863 650 1914 9Ο
664 1863 707 1922 ut
724 1846 884 1948 scriptor
900 1845 1073 1949 cyclicus
1087 1847 1211 1926 olim:

238 1985 272 2038 9Ι
289 1975 503 2049 Fortunam
521 1977 681 2051 Priami
702 1972 893 2063 cantabo,
915 1990 954 2046 ee
973 1973 1108 2048 nobile
1129 1974 1284 2069 bellum.

239 2100 345 2201 Quid
361 2082 524 2206 dignum
540 2083 575 2170 99
591 2117 699 2178 tanto
716 2099 817 2176 feret
831 2085 898 2175 hic
915 2099 1117 2203 promissor
1134 2097 1277 2177 hiatu?

266 2309 311 2374 Ι74
329 2301 371 2356 Ab
389 2301 449 2359 aliis
467 2302 555 2356 I’oe'tis
572 2321 630 2357 non
646 2315 798 2357 tractatum.
833 2298 885 2354 bus
898 2315 1007 2378 petente
1025 2317 1052 2357 st
1063 2315 1240 2377 contempto,
1257 2302 1290 2355 id
1303 2303 1382 2368 est,si

241 2386 275 2458 75
288 2389 331 2440 De
344 2405 396 2461 qus
410 2386 499 2440 nuilus
508 2386 585 2440 ullius
597 2388 679 2441 Poeta
691 2386 799 2440 dixerit.
834 2400 910 2439 tuum
926 2401 1079 2453 auctorem,
1099 2407 1181 2460 quem
1195 2389 1329 2452 imiteris,
1340 2405 1383 2439 uon

230 2470 276 2541 λ76
285 2468 328 2523 Ad
337 2469 418 2524 finem
426 2489 517 2543 usque.
527 2489 560 2542 77
570 2469 611 2524 Ab
618 2472 706 2526 initio.
716 2472 751 2539 78
760 2469 801 2523 Sit
835 2471 950 2542 sequeris
959 2472 996 2523 its
1005 2470 1126 2543 religiose
1134 2508 1142 2536 ,
1150 2484 1181 2522 ut
1188 2468 1261 2522 nihil
1274 2467 1382 2524 addssde

239 2569 346 2625 semper
359 2553 449 2624 idem,
459 2554 475 2608 i
487 2557 539 2608 suis
549 2555 667 2608 moribus
680 2573 737 2608 non
751 2572 800 2608 re·
834 2567 898 2618 tuo,
910 2552 979 2606 nihil
991 2555 1113 2607 invenies
1123 2590 1132 2619 ,
1143 2552 1216 2606 nihil
1227 2556 1358 2607 immutes.

230 2627 350 2689 cedens.
872 2636 906 2689 85
919 2634 1009 2690 Vilem
1019 2635 1151 2709 appellat,
1163 2635 1228 2707 quia
1240 2655 1300 2688 non
1312 2633 1382 2706 ιπερὶ

229 2709 242 2738 ⁴¹
279 2734 314 2790 79
326 2717 444 2773 Difficile
456 2734 497 2774 est
510 2723 680 2784 communie,
697 2721 726 2774 id
745 2735 800 2785 est,
836 2718 1382 2792 estingenii,tossmelteriosinrentiouen

239 2815 398 2872 argumente
421 2801 571 2856 fabularum
596 2804 612 2855 i
635 2802 711 2855 nullo
738 2816 801 2856 ants
836 2806 920 2876 sequi.
933 2803 968 2856 86
983 2803 1082 2857 Sinon
1095 2800 1213 2855 studebis
1227 2801 1381 2856 utfidusin·

238 2897 368 2952 tractata,
378 2886 415 2938 ita
425 2887 528 2959 proprie
537 2885 643 2951 dicere,
653 2886 750 2950 idest,
763 2887 803 2938 ire
835 2901 935 2960 terpres
944 2903 1079 2941 auctorem
1088 2901 1164 2939 tuum
1170 2924 1179 2948 ,
1190 2904 1274 2958 quem
1285 2888 1381 2939 isnitsr·

239 2963 366 3038 praeclare
377 2968 509 3032 scribere,
520 2984 550 3022 ut
559 2972 662 3043 proprie
670 2985 731 3036 tua,
742 2971 799 3039 jure
835 2969 900 3024 dum
911 2969 960 3025 tibi
973 2971 1147 3043 proposuisti,
1157 2968 1295 3022 verbatim
1305 2971 1380 3041 erpi·

241 3046 296 3102 diei
306 3053 416 3122 possint.
429 3053 465 3105 do
478 3053 670 3124 Argumentum
683 3054 799 3125 Tragos·
834 3073 915 3108 mere.
924 3055 957 3125 87
968 3054 1034 3107 Etsi
1048 3068 1075 3105 tu
1084 3093 1093 3116 ‚
1101 3054 1147 3126 qui
1157 3053 1280 3105 imitator
1291 3072 1334 3119 es,
1342 3069 1384 3105 uos

238 3133 293 3185 'dis
301 3152 335 3186 ex
342 3135 454 3188 Homeri
461 3133 542 3188 Iliade
551 3136 685 3188 rectius‘in
691 3153 800 3192 scenam
834 3139 962 3208 conjicies
977 3152 1004 3190 te
1018 3138 1047 3189 in
1062 3135 1152 3190 locum
1165 3151 1222 3190 tem
1235 3149 1384 3207 angurum.

241 3214 365 3287 ¹producis
376 3235 469 3289 quem,
480 3231 531 3270 etc.
544 3217 575 3270 81
596 3220 678 3271 rictus
693 3220 724 3270 in
740 3218 800 3271 Co·
835 3219 907 3273 unde
921 3235 948 3273 te
961 3218 1096 3292 explicere
1109 3219 1223 3272 honeste
1239 3237 1301 3270 non
1317 3217 1388 3290 posue

241 3296 341 3353 moedie
359 3298 402 3352 vel
417 3298 574 3374 Tragoedia,
587 3319 646 3373 pers
662 3315 702 3353 est
719 3293 800 3372 piene
836 3303 893 3354 sine
906 3300 1006 3374 pudore
1018 3316 1047 3354 et
1057 3298 1277 3373 reprehensione.
1288 3301 1325 3353 88
1334 3299 1390 3352 Dit-

237 3381 410 3457 'perfectoque
422 3400 515 3450 sensu,
532 3401 584 3456 qus
597 3383 672 3437 finita
687 3401 800 3456 proece-
834 3381 931 3437 cedere
937 3383 970 3436 eb
977 3385 1010 3436 iis
1020 3421 1028 3450 ,
1039 3402 1097 3456 qun
1104 3397 1203 3435 temere
1213 3400 1243 3435 es
1251 3398 1389 3454 eggressus·

240 3467 319 3518 nium
325 3481 439 3518 vacuum
445 3463 612 3539 relinquitur.
619 3467 653 3520 82
659 3466 722 3520 Non
729 3464 801 3520 dicta
835 3467 871 3537 89
884 3467 961 3531 Lex,
978 3486 1038 3538 ques
1053 3464 1144 3535 iubet,
1159 3478 1204 3517 eut
1216 3466 1329 3536 penisus
1343 3480 1391 3516 uos

209 3551 211 3560 “
239 3546 352 3601 rebeliis.
386 3558 389 3564 ’
835 3550 970 3622 incipere,
984 3550 1157 3619 eutincoepte
1166 3546 1310 3619 perficere.

268 3630 304 3683 83
313 3633 506 3703 Argumentum
516 3630 549 3685 sb
558 3629 801 3704 sliopublicatum,
870 3650 906 3699 9ο
916 3632 954 3684 Ut
965 3632 1046 3684 Poeta
1055 3629 1302 3695 circumforaneus,
1313 3630 1357 3702 qui
1366 3630 1391 3679 ir

241 3712 286 3768 vel
294 3728 436 3767 tractatum
446 3728 521 3766 tuum
530 3714 678 3787 putabitur,
688 3716 710 3768 si
723 3732 802 3787 ergu-
835 3712 1030 3768 conventiculis
1050 3711 1209 3765 hominibus
1224 3730 1288 3765 suos
1309 3727 1394 3765 versut

241 3797 327 3849 menti
346 3811 450 3850 tentum
473 3798 589 3868 speciem
610 3797 725 3861 referas3
745 3816 802 3849 non
836 3794 956 3849 obtrudit
970 3798 1000 3847 in
1014 3794 1108 3849 orbem
1121 3795 1231 3848 coactis.
1247 3814 1278 3866 9¹
1301 3791 1393 3846 Infeli-

199 3925 203 3934 .
238 3878 432 3951 ‘etiamsingulr
441 3881 594 3932 minutatim
602 3867 775 3951 prosequeris.
835 3881 954 3932 citatem.
975 3895 1010 3951 9²
1027 3878 1097 3931 Tem
1115 3878 1197 3950 pleno
1213 3895 1275 3948 ore,
1294 3875 1328 3931 id
1343 3889 1397 3940 set,

279 3962 313 4028 84
327 3959 356 4014 Si
365 3980 421 4015 non
429 3960 542 4017 haerebis
555 3960 696 4018 insimulo
706 3964 801 4027 omniq
835 3959 1059 4017 tantererborum
1068 3960 1226 4034 grunditum,
1259 3975 1261 3982 ⁴
