2842 4750
357 366 607 422 cronon
659 363 864 423 arara.
1120 340 1234 425 215*

52 512 63 526 =
125 487 160 541 ¹⁷
181 475 226 549 Io
249 469 492 573 Triumphe!
516 470 550 523 ¹⁸
574 485 616 549 tu
639 469 803 546 moraris
824 492 963 547 aureos
1051 453 1056 462 ’

175 605 346 694 Currus,
371 614 411 675 et
431 615 464 666 19
482 598 650 675 intactas
670 598 820 678 hoves?

125 730 170 806 Io
192 728 433 831 Triumphe!
459 756 533 805 nec
553 729 583 804 J
585 729 796 833 ugurthmo
817 755 955 834 parem

174 853 285 929 Bello
308 854 517 957 reportasti
535 869 570 917 20
589 855 755 948 ducem;

126 989 160 1030 22
179 978 320 1079 Neque
337 975 555 1080 Africam,
578 992 613 1030 22
636 977 701 1055 cui
726 1005 841 1082 super
861 973 1141 1081 Carthaginem

177 1100 315 1180 Virtus
338 1100 588 1203 sepulchrum
611 1100 800 1180 condidit.
1060 1203 1065 1214 ξ
1094 1182 1100 1211 ;

47 1294 50 1303 ,
124 1228 250 1304 Terra
271 1225 452 1330 marique
473 1227 603 1304 victus
624 1228 659 1278 23
683 1226 824 1319 hostis,
843 1226 996 1304 Punico

177 1350 363 1454 Lugubre
389 1353 561 1429 mutavit
583 1379 732 1456 sagum.

125 1476 211 1553 Aut
229 1476 296 1552 ille
320 1493 355 1543 24
376 1493 533 1552 centum
553 1476 729 1553 nobilem
751 1477 910 1554 Cretam
932 1475 1095 1555 urbibus

143 1606 145 1609 ’
175 1602 315 1681 Ventis
337 1602 463 1679 iturus
483 1603 517 1654 ²⁵
543 1631 622 1678 non
641 1588 745 1696 suis,
1010 1616 1012 1619 ’

123 1729 160 1779 ²⁶
176 1729 419 1807 Exercitatas
439 1747 507 1807 aut
524 1731 622 1836 petit
639 1732 770 1835 Syrtes
787 1733 915 1825 Noto,

176 1870 211 1925 27
228 1860 311 1934 Aut
337 1859 461 1936 fertur
483 1858 635 1936 incerto
659 1859 774 1939 mari.

123 1979 162 2033 ²3
178 1981 412 2084 Capaciore's
435 1983 534 2058 affer
556 1981 662 2076 huc,
688 2012 815 2085 puer,
838 1984 1038 2088 Scyphos,
1096 2000 1099 2003 ’

173 2104 225 2180 Et
244 2118 278 2172 29
300 2103 402 2183 Chia
427 2105 553 2197 vina,
576 2122 645 2184 aut
668 2107 702 2158 30
721 2106 892 2198 Lesbia,

119 2231 229 2325 Vel,
256 2233 362 2335 quod
387 2222 578 2310 fluentem
603 2262 793 2311 nauseam
817 2243 1016 2328 coerceat,
1084 2232 1090 2238 ’

173 2356 320 2434 Metire
344 2356 457 2435 uobis
479 2357 509 2410 3¹
534 2356 761 2439 Caecubum.
829 2429 842 2458 x

121 2485 273 2562 Curam
294 2498 523 2588 metumque
548 2484 711 2562 Caesaris
731 2461 865 2561 reruni
886 2484 998 2585 juvat
1094 2467 1098 2478 ⁵

173 2608 208 2659 3²
230 2606 351 2682 Dulci
372 2607 493 2710 Lyaeo
516 2606 676 2687 solvere

61 2743 90 2797 ¹7
100 2722 168 2779 Vox
178 2735 218 2778 est
230 2738 384 2794 exprimens
394 2720 522 2793 gaudium
531 2722 590 2774 mi·
594 2721 698 2775 Vide
711 2721 774 2778 Ode
786 2742 852 2778 nvn
864 2717 913 2779 lib.
928 2745 971 2779 ιιι.
984 2717 1195 2781 25Ventisad-

28 2803 590 2900 litum,quilmperatoremtripmphantem
626 2809 908 2880 versisetcontrariis.
924 2810 958 2864 26
971 2809 1061 2883 Syrtes
1072 2825 1194 2884 tempes

29 2889 259 2964 prosequebantur.
294 2887 325 2940 18
349 2887 420 2939 Tu
412 2907 442 2939 ιιι
463 2906 539 2939 mora
561 2906 589 2940 es
625 2890 783 2944 tuosaseta
796 2893 1000 2948 Notovexatas.
1016 2910 1049 2964 27
1062 2892 1194 2947 Nesciens

29 2974 143 3028 cambus
152 2969 374 3045 trlumphahhus
384 2989 430 3044 qur
441 2988 494 3042 lam
504 2984 588 3042 parati
625 2992 681 3045 quo
696 2972 790 3045 firgiat.
812 2976 846 3028 28
867 2974 942 3028 After
961 2973 1015 3027 hnc
1039 2974 1195 3047 grandiores

29 3071 92 3110 sunt.
110 3078 142 3130 ¹9
156 3056 290 3109 Juveucas
303 3053 424 3107 dtauro
416 3068 552 3125 integras,·
562 3066 590 3105 et
625 3054 723 3109 calices
729 3095 738 3120 ‚
750 3067 780 3111 ut
786 3056 911 3112 bibamus
919 3056 1067 3114 liberalius.
1077 3075 1113 3129 ²9
1120 3061 1195 3114 Vina

28 3154 124 3208 paratas
142 3136 179 3192 ad
193 3136 353 3200 sacrificium
367 3155 415 3210 pro
430 3137 552 3189 victoria.
625 3140 664 3191 sic
687 3137 760 3194 dicta
779 3139 795 3192 ἃ
816 3139 888 3196 Chio
897 3175 907 3204 ,
930 3138 1019 3194 insula
1037 3140 1068 3193 iu
1088 3140 1197 3215 Aligeo,¹

59 3239 92 3274 no
103 3222 241 3287 Marium,
256 3222 302 3295 qui
317 3220 351 3275 de
365 3220 382 3273 J
384 3218 496 3293 ugurtha
507 3219 592 3276 Afro-
625 3222 662 3274 30
673 3217 697 3274 h
709 3222 798 3275 Lesbo
810 3222 909 3278 insula·
924 3220 956 3278 δι
974 3223 1078 3280 Vinum
1092 3222 1194 3282 Cecu-

28 3306 161 3362 mmduce
169 3305 355 3379 triumphavit.
369 3322 401 3358 nr·
413 3304 508 3377 Neque
517 3301 591 3360 Atri-
624 3303 691 3359 bum
706 3304 828 3360 ciborum
848 3306 1021 3360 concoctioni
1040 3321 1080 3362 est
1098 3308 1164 3366 utiie
1183 3327 1191 3362 s

29 3406 90 3443 cano
107 3388 183 3447 bello
201 3389 342 3464 reportasti
359 3387 457 3443 ducem
471 3386 591 3463 (nempe
625 3387 801 3462 quamobrem
813 3406 877 3442 cum
888 3387 1020 3446 stomachi
1033 3390 1196 3451 cruditatem

28 3469 202 3548 Scipionem)
218 3475 338 3547 Augusto
352 3492 453 3546 parem.
471 3490 506 3526 22
525 3470 589 3526 Sci·
625 3470 722 3544 tollat²
736 3470 865 3528 fluentem
878 3474 961 3528 stiam
975 3467 1104 3532 banasam
1117 3472 1194 3529 sedat

27 3557 94 3626 pioni
115 3577 165 3612 sue
181 3560 266 3612 virtus
285 3574 413 3612 aternam
431 3559 590 3611 memoriam
626 3570 653 3609 et
669 3565 784 3611 coercet.
803 3555 857 3610 Atii
873 3554 954 3610 uliam
971 3556 1091 3614 reddunt
1104 3558 1197 3614 ratio-

27 3644 123 3713 peperit
135 3657 244 3716 propter
262 3641 453 3714 Carthaginem
473 3638 591 3694 deletam
625 3658 708 3708 nem,
721 3658 820 3713 nempe
829 3659 840 3707 ,·
850 3640 924 3713 qued
936 3643 1030 3697 vinum
1046 3640 1194 3697 Cecubum

28 3736 52 3773 et
65 3742 205 3792 eversam,
224 3746 282 3799 que
300 3727 412 3779 victoria
429 3723 467 3777 illi
486 3743 595 3796 semper
626 3740 762 3782 austerum
781 3739 865 3778 estet
882 3746 1014 3800 pungens»

29 3807 75 3859 erit
86 3807 148 3862 loco
159 3808 305 3882 sepulchri.
320 3810 353 3863 23
364 3809 590 3881 Antoniuslugu-
662 3808 698 3861 32
709 3808 791 3863 Juvat
801 3806 874 3862 dulci
883 3812 948 3865 vino
959 3810 1079 3865 relaxare
1090 3824 1194 3869 metum

27 3884 70 3943 bre
89 3890 335 3964 paludamentum,
357 3891 392 3946 idi
409 3907 468 3958 est,
488 3909 591 3948 vestem
625 3908 733 3966 propter
748 3892 882 3950 incertum
892 3892 957 3948 belh'
970 3907 1107 3947 eventum.
1121 3891 1195 3949 Vide

28 3976 146 4027 moeroris
158 3974 266 4042 induit,
281 3995 412 4049 purpureo
425 3995 486 4049 sago
500 3975 589 4049 depo·
626 3975 688 4031 Ode
698 3995 747 4030 ru.
757 3974 806 4031 lib.
818 3996 837 4030 ι.
849 3979 945 4050 Lyaeus
955 3991 996 4030 est
1004 3993 1106 4029 nomen
1117 3975 1193 4041 Bac<

28 4053 84 4109 sire.
98 4067 135 4126 24
147 4057 229 4114 Creta
237 4058 450 4137 centumhabuit
458 4061 592 4118 civitates.
626 4059 683 4116 chi.
707 4062 761 4112 ἀπὸ
774 4079 803 4111 ro
816 4062 879 4113 aisn
890 4099 902 4132 ,
914 4058 945 4115 id
963 4073 1003 4114 est
1016 4094 1026 4129 ‚
1044 4056 1157 4117 solvere.
1228 4063 1231 4067 ’
