2842 4750
169 293 173 300 ¹
247 310 319 389 362
639 330 678 400 o.
731 326 1010 385 uorsrrr
1128 392 1137 419 ,

246 459 389 540 Pressit
405 460 524 554 cella3
540 460 574 512 ⁵⁶
591 486 685 563 garo
702 460 750 536 de
764 462 888 537 succis
905 458 1018 564 piscis
1035 458 1160 551 Iberi,

245 588 354 666 Vino
376 588 640 694 quinquenni,
662 613 801 665 verum
824 587 921 664 citra
942 614 1050 665 mere
1069 588 1103 654 ⁵4
1125 600 1234 681 nato',

245 714 354 788 Dum
372 709 573 817 coquitur:
591 713 624 763 ⁵⁵
641 729 750 790 cocto
768 711 911 792 Chium
927 709 982 790 sic
1000 713 1202 803 convenit,
1217 727 1257 787 ut
1270 741 1330 789 uon
1390 711 1391 734 ¹

245 837 332 912 Hoc
348 837 471 941 magis
486 837 611 914 ullum
626 836 756 932 eliud,
772 837 905 944 pipere
918 836 1031 930 albo,
1045 866 1124 914 non
1141 837 1220 914 sine
1235 853 1341 927 aceto,

244 960 280 1012 ⁵⁶
305 963 418 1064 Quod
439 962 750 1068 Methymnaeem
771 965 868 1042 vitio
891 963 1101 1040 mutaverit
1126 989 1253 1041 uvam.

245 1084 390 1164 Erucas
412 1086 577 1181 virides,
597 1088 725 1165 inulas
748 1087 982 1193 ego'primus
1001 1114 1156 1166 anterus

245 1212 462 1289 Monstravi
478 1212 513 1281 ⁵7
529 1214 765 1319 incoquere:
783 1213 913 1290 illotos
928 1213 963 1265 ⁵⁶
980 1211 1169 1291 Curtillus
1187 1211 1333 1299 echinos,

243 1340 278 1408 ⁵9
300 1343 354 1418 Ut
376 1342 515 1420 melius
525 1400 538 1435 ,
560 1344 687 1420 muria
715 1369 834 1447 quam
860 1345 895 1395 ⁶0
918 1358 1018 1419 testa
1041 1339 1195 1418 marina
1217 1334 1351 1418 remittit.
1393 1429 1394 1436 ἵ

243 1469 399 1547 Interea
420 1499 600 1575 suspensa
625 1499 762 1574 graves
787 1469 911 1547 aulaea
934 1471 1066 1548 ruinas

244 1595 292 1670 In
308 1594 483 1698 patinam
500 1595 646 1688 fecere,
663 1592 859 1672 trahentia
875 1594 906 1645 ⁶1
925 1594 1097 1696 pulveris
1111 1593 1211 1687 atri,

243 1722 442 1823 Quantum
466 1699 543 1799 nori
562 1722 711 1827 Aquilo
734 1724 940 1826 Campanis
961 1723 1106 1801 excitet
1127 1724 1240 1827 agris.

242 1850 277 1901 ⁶2
298 1851 377 1926 Nos
395 1850 518 1951 majus
540 1852 684 1945 veriti,
707 1869 912 1957 postquam
933 1851 1036 1930 nihil
1061 1858 1142 1929 esse
1169 1847 1290 1954 pericli

243 1974 463 2070 Sensimus,
473 1977 507 2030 ⁶3
521 1978 719 2081 erigimur.
736 1980 770 2044 ⁶4
785 1979 933 2071 Rufus,
949 1978 1071 2082 posito
1086 1978 1233 2081 capite,
1247 1985 1282 2050 'ut
1292 1970 1318 2046 si

115 2202 125 2216 .
242 2103 273 2180 F
275 2103 365 2181 ilius
385 2104 614 2183 immaturus
632 2106 796 2199 obisset,
818 2107 923 2183 flere.
949 2104 1045 2206 Quis
1068 2120 1168 2181 esset

242 2231 372 2325 Finis,
392 2232 433 2309 ni
453 2233 603 2339 sapiens
626 2235 681 2310 sio
702 2237 969 2310 Nomentanus
987 2229 1165 2307 amicum

239 2356 275 2425 ⁶⁵
293 2356 487 2438 Tolleret?
504 2360 593 2438 Heu
610 2361 798 2437 Fortuna!
814 2357 902 2463 quis
917 2374 972 2435 est
987 2355 1182 2435 crudelior
1195 2355 1236 2441 in
1250 2375 1321 2445 nos.

244 2484 303 2558 'I'e
328 2483 460 2562 Deus?
486 2486 521 2535 ⁶⁶
544 2501 588 2560 ut
606 2512 756 2588 semper
784 2484 928 2586 gaudes
952 2481 1118 2558 illudere
1145 2480 1257 2558 rebus

242 2611 457 2689 Humanis!
482 2612 626 2693 Varius
644 2638 785 2714 mappa
806 2637 1046 2716 compescere
1068 2610 1193 2686 risum

243 2732 325 2810 Vix
342 2750 502 2836 poterat.
517 2734 693 2829 Balatro,
710 2738 744 2804 ⁶7
761 2736 993 2838 suspendens
1009 2733 1143 2811 omnia
1159 2760 1266 2822 naso,

241 2854 277 2906 ⁶⁶
301 2857 397 2933 Haec
419 2875 475 2935 est
498 2859 668 2937 conditio
689 2860 876 2953 vivendi,
896 2858 1027 2936 aiebat
1044 2862 1110 2952 3⁶9
1136 2883 1257 2962 eoque

240 2981 484 3087 Responsura
507 3002 572 3063 tuo
592 3014 797 3091 nunquam
819 3003 875 3063 est
893 3015 963 3090 per
985 2987 1090 3063 fama
1112 3002 1148 3054 70
1168 2972 1294 3062 labori.
1356 3020 1359 3031 ·

241 3139 486 3214 miraoisprimam
500 3156 540 3196 est
553 3161 717 3215 expressum.
839 3158 919 3208 ratos,
929 3139 958 3194 id
965 3155 1014 3207 est,
1021 3159 1077 3193 non
1084 3140 1198 3195 muriam
1207 3155 1240 3190 ex
1247 3134 1281 3188 eis
1286 3128 1365 3185 lucum

269 3221 305 3275 53
315 3222 418 3278 Garum
424 3240 468 3279 est
475 3244 560 3298 genus
568 3229 661 3281 murie
671 3246 707 3281 ex
716 3246 807 3282 seom-
840 3225 887 3280 sed
899 3224 1012 3279 echinos
1024 3224 1151 3295 integros.
1163 3221 1200 3293 59
1208 3219 1366 3293 'renquuuf

240 3301 296 3361 bris
308 3305 471 3371 confectum.
482 3308 517 3374 54
527 3311 602 3363 Dum
612 3311 736 3383 coquitur
744 3312 805 3382 jus·
839 3307 928 3382 pidius
941 3325 1004 3361 cum
1017 3323 1049 3359 ee
1061 3306 1157 3367 muria.
1174 3302 1209 3356 60
1227 3302 1305 3370 Quem
1316 3283 1366 3365 qu⁰⁶

237 3386 805 3447 eulumvinoltelice.55Juricoctoviuum
838 3405 908 3452 teste
925 3389 1020 3443 Grece
1035 3386 1070 3439 ed
1085 3405 1135 3441 nos
1152 3385 1268 3439 remittit.
1295 3406 1298 3412 Α

240 3471 342 3527 Chium
358 3486 399 3535 est
414 3475 590 3548 aptissimum.
605 3475 641 3529 56
656 3475 739 3545 Quod
755 3493 806 3533 suo
874 3472 906 3526 61
919 3472 1038 3525 Tantum
1048 3467 1173 3542 pulveris.
1187 3467 1221 3521 62
1234 3465 1286 3519 Nos
1297 3458 1369 3513 dont·

239 3571 320 3619 neore
348 3571 503 3629 corruperat
528 3560 623 3612 vinum
649 3558 750 3612 lectum
775 3559 805 3611 iu
838 3557 945 3613 ruinam
958 3554 1046 3606 veriti.
1059 3551 1094 3605 63
1107 3544 1355 3605 Liberamurlmrtu·

239 3636 627 3715 Methymue,Lesbioppido.
877 3617 1369 3707 64Nasidienus,capitedemissosflt'

241 3783 244 3791 .
278 3720 312 3792 57
330 3722 480 3791 Mumuevi
496 3725 641 3798 incoquere
661 3721 759 3778 herbas
777 3724 808 3779 in
841 3722 897 3779 hat.
915 3721 949 3775 65
965 3720 1094 3795 Mestum
1111 3716 1244 3773 solaretur.
1338 3772 1356 3791 π

238 3796 290 3857 ¹illo
299 3805 456 3879 jure,quod
468 3806 605 3880 descripsi.
616 3807 651 3861 58
661 3805 806 3870 Curtillus,
878 3805 913 3860 66
931 3805 1022 3873 Quam
1040 3799 1147 3874 gaudes.
1165 3792 1300 3870 '67Omniss
1312 3783 1370 3876 den·

241 3905 313 3939 unus
337 3906 372 3942 ex
394 3888 447 3944 hoc
469 3909 568 3963 genere
593 3890 806 3963 Epicureorum,
841 3888 920 3947 dens.
935 3888 970 3940 68
982 3887 1021 3939 Ut
1036 3883 1113 3939 mala
1121 3897 1183 3939 sunt
1191 3880 1274 3934 vicine
1286 3871 1366 3939 benis.)

242 3966 337 4027 decuit
348 3972 492 4056 incoquere
507 3971 618 4028 echinos
634 3990 691 4039 nou
709 3989 808 4041 mace:
878 3968 918 4045 fic
929 3969 1054 4043 Ideoque.
1071 3967 1240 4040 relucere
1249 3960 1365 4031 &PPW
