2842 4750
204 307 281 406 ior
594 324 633 394 o.
686 315 1083 375 nonnum-1»

634 481 776 558 oua
826 452 941 555 111.¹

308 674 467 749 Virtute
483 660 697 772 proeditum
717 670 849 739 uirum
872 659 978 736 nihil
1000 665 1273 733 extimescere.

303 820 533 956 duston,
561 878 600 936 et
624 876 637 909 1
664 876 841 934 tenacem
863 846 1044 959 propositi
1069 852 1222 942 virum,
1258 830 1262 834 ι

303 1004 320 1038 ²
343 990 433 1063 Non
456 973 605 1060 civium
628 983 742 1058 ardor
769 1009 891 1083 prava
916 976 1159 1077 jubentium,

353 1113 444 1185 Non
466 1107 598 1184 vultus
622 1106 637 1157 3
658 1104 836 1182 instantis
862 1101 1018 1207 tyranni

403 1250 422 1298 4
443 1235 577 1309 Mente
593 1231 728 1335 'quatit
743 1230 909 1335 'solidaq
924 1254 1052 1330 neque
1076 1226 1220 1300 Auster
1260 1246 1263 1249 ·

304 1361 320 1407 5
343 1358 434 1432 Dux
457 1355 624 1458 inquieti
651 1353 828 1429 turbidus
849 1351 1035 1441 Hadriae,
1255 1344 1258 1351 Χ

214 1462 217 1467 .
304 1486 389 1560 Nec
411 1482 653 1558 fulminantis
673 1508 817 1584 magna
838 1481 950 1557 Jovis
972 1506 1121 1555 manus.
1203 1498 1205 1503 '

354 1613 371 1662 ⁶
393 1612 433 1687 Si
456 1611 600 1687 fractus
624 1609 810 1685 illabatur
830 1609 958 1700 orbis,

397 1735 647 1839 Impavidum
675 1735 816 1836 ferient
839 1737 975 1810 ruinae.

303 1883 321 1934 7
343 1865 431 1941 Hac
451 1853 534 1939 art'e
555 1862 718 1955 Pollux,
744 1853 782 1939 et
806 1863 823 1914 ⁸
847 1890 971 1966 vagus
994 1858 1182 1937 Herc'ules
1252 1836 1257 1843 ,

303 1990 490 2081 Innixus,
512 2015 617 2063 arces
643 1985 775 2090 attigit
795 2004 812 2053 9
832 1987 966 2088 igneus
986 2017 995 2060 :
1058 2008 1059 2011 ’

325 2100 327 2104 i
354 2119 459 2218 Quos
482 2108 585 2191 inter
608 2118 808 2219 Angustus
828 2132 861 2167 ¹0
880 2113 1111 2203 recumbens

397 2257 429 2291 Π
451 2240 651 2343 Purpureo
673 2241 777 2318 bibit
796 2269 861 2318 ore
885 2258 1030 2319 nectar.
1095 2224 1101 2257 ³

304 2386 339 2423 12
362 2371 455 2445 Hac
472 2388 511 2445 tc
536 2369 567 2421 13
588 2388 828 2463 merentem,
854 2369 1009 2445 Bacche
1033 2348 1178 2472 pater,·
1191 2383 1275 2458 tuas¹

304 2499 458 2576 Verere
485 2496 624 2601 tigres,
648 2514 682 2564 14
703 2486 865 2575 indocili
887 2498 1023 2600 jugum
1209 2486 1212 2490 ¹

355 2621 463 2697 Collo
487 2620 693 2698 trahentes.
726 2624 814 2697 Hac
840 2621 872 2671 15
896 2620 1080 2723 Quirinus

242 2795 253 2826 ι
270 2772 367 2822 Virum
382 2771 412 2821 in
427 2771 562 2841 proposito
577 2785 652 2823 recto
668 2789 764 2844 perse-
798 2779 839 2823 tra
857 2767 1000 2823 domanda.
1025 2789 1043 2842 9
1059 2769 1141 2824 Aroes
1157 2768 1290 2824 sideribus
1307 2776 1373 2828 mi-

199 2869 347 2920 serantem.
367 2870 383 2905 2
402 2852 467 2904 Non
480 2850 575 2906 seditio
590 2855 690 2907 civium
704 2856 762 2907 ini·
799 2851 1004 2918 cantes,idest,
1014 2851 1122 2906 coelum.
1140 2853 1375 2916 roAccumbensa

201 2959 266 3014 quas
275 2938 347 3010 leges
359 2936 603 3011 ponentium‚quae
612 2955 675 2989 cum
686 2956 763 3009 aequo
798 2934 893 3007 virgil.
925 2934 984 2987 -Τιι-
1004 2933 1057 2988 das
1081 2938 1173 3008 epulis
1201 2941 1375 2995 accunrhere

202 3024 447 3093 etbonopugnant.
459 3019 604 3091 &Tyranni
615 3023 761 3092 praesentis.
798 3017 900 3073 Αἰνήτη.
919 3039 946 3070 ιι
963 3017 1095 3091 Augustus
1111 3037 1157 3071 ore
1175 3038 1222 3073 suo
1241 3039 1326 3078 roseo
1342 3025 1374 3079 et¹

201 3117 219 3173 4
236 3110 279 3157 De
293 3105 425 3156 sententia
442 3101 576 3166 dimovet,
592 3100 622 3153 id
637 3117 691 3167 est,
705 3121 762 3157 non
797 3099 911 3173 pulchro
924 3100 1095 3155 bibitnectar
1107 3141 1115 3168 ‚
1128 3102 1182 3173 jam
1196 3105 1283 3157 Divus
1300 3106 1372 3163 fac-

202 3187 286 3241 efficit
304 3189 512 3239 inconstantem.
534 3185 550 3236 5
573 3184 679 3237 Arbiter
699 3186 763 3238 Ha·
798 3198 858 3250 tus,
879 3186 1027 3237 etiamnum
1039 3186 1068 3237 in
1082 3188 1249 3239 terravivus.
1262 3189 1374 3264 Virgik

201 3268 285 3333 tiriae,
299 3267 360 3320 vide
373 3267 433 3321 Ode
446 3266 555 3332 ru,lib.
570 3288 590 3321 1.
602 3269 650 3319 Est
661 3266 764 3322 Hadria
801 3266 829 3318 0
849 3268 998 3333 Melitae,
1018 3269 1097 3320 Deus
1116 3269 1198 3322 nobis
1218 3270 1278 3324 hoec
1299 3280 1372 3328 otia

199 3353 306 3427 generis
321 3349 472 3403 masculini.
791 3349 868 3419 sectr
877 3371 887 3413 ,·
905 3348 934 3401 id
949 3366 1006 3416 est,
1022 3352 1164 3424 Augustus.

237 3433 255 3486 6
274 3432 303 3485 Si
322 3433 420 3486 coelum
438 3448 517 3498 ruat,
535 3435 577 3486 vir
590 3437 674 3505 justus
691 3432 765 3486 illius
838 3449 869 3484 ια
886 3431 946 3485 Hac
959 3433 1064 3486 virtutis
1081 3435 1133 3486 via.
1154 3435 1369 3493 13Tomeren-

198 3519 306 3574 ruinam
320 3536 377 3570 non
390 3530 557 3588 expavescet.
576 3535 591 3586 7
608 3517 658 3568 His
674 3519 763 3569 virtu·
798 3530 854 3568 tern
866 3515 983 3570 honores
997 3514 1103 3570 divinos
1115 3557 1122 3584 ‚
1135 3518 1179 3571 vel
1192 3536 1371 3590 merentem,

192 3600 270 3654 «tibus
279 3640 288 3664 ,
303 3602 454 3653 constantia
465 3601 593 3652 nimirum
602 3603 631 3653 bt
641 3601 761 3673 justitia,
797 3597 827 3651 id
836 3615 889 3666 est,
899 3600 1070 3653 militantem.
1084 3620 1115 3667 ¹4
1125 3601 1249 3674 Tigrinm
1257 3602 1369 3661 collum
1413 3642 1415 3645 ι

198 3682 311 3747 Pollux,
327 3681 478 3746 Hercules,
494 3683 636 3749 Bacchus,
653 3686 761 3736 Romu·
797 3698 887 3754 suapte
910 3697 1005 3735 natura
1027 3697 1068 3736 est
1088 3682 1230 3749 indocile,
1256 3685 1368 3741 Bacchi

197 3765 258 3831 lus,
276 3785 311 3820 ex
323 3764 479 3818 mortalibus
493 3766 558 3818 facti
571 3782 633 3819 sunt
646 3769 762 3819 immor-
796 3779 887 3818 tamen
901 3766 982 3828 jussui
998 3764 1160 3839 obsequitur.
1182 3767 1212 3820 15
1228 3767 1369 3822 Romulus

196 3849 273 3903 tales.
290 3850 307 3901 8
323 3848 453 3903 Hercules
466 3848 624 3922 longinquus
639 3864 761 3906 terreret
793 3851 875 3921 patris
890 3851 930 3901 sui
945 3851 1034 3922 equis,
1051 3849 1081 3902 id
1097 3864 1151 3915 est,
1163 3864 1218 3903 arte
1230 3849 1365 3918 militari,

197 3931 280 3985 multa
289 3933 373 3985 marie
381 3933 529 4006 peragravit
540 3932 575 3988 ad
583 3935 657 3987 varia
666 3953 759 3989 mons·
793 3932 861 4006 tugis
866 3930 1018 3988 Acheronta
1023 3972 1034 4005 ,
1040 3930 1169 4008 paludem
1180 3931 1367 4006 infernalem,
