2842 4750
348 333 946 390 sannouun.s1n.r..
1147 311 1221 391 251

69 469 221 562 officit,
240 468 416 546 evitare?
436 468 586 542 Bonam
605 463 815 568 deperdere
838 462 1006 554 famam,

66 585 1227 700 Rempatris71oblimare,mslumestubicumq;.Quidinter·

66 721 132 798 Est
147 717 190 795 in
204 735 403 808 matrona,
420 712 562 792 ancilla
574 770 587 805 ‚
600 738 788 817 peccesne
804 725 837 780 72
853 719 1014 814 togata?

65 845 209 922 Villius
223 845 265 920 in
280 844 314 911 73
329 843 496 933 Fausta,
511 838 675 919 sullaeu
689 861 832 941 gener,
850 835 924 914 hoc
941 835 1061 914 miser
1077 860 1156 913 unc

66 970 99 1036 73
112 969 283 1046 Nomine
299 968 508 1069 deceptus,
524 993 656 1069 poenas
670 965 781 1042 dedit
794 992 940 1069 usque,
956 988 1169 1069 superque,

67 1095 197 1194 Quam
212 1089 302 1168 satis
316 1106 391 1182 est,
406 1087 545 1193 pugnis
562 1115 706 1180 cessus,
724 1087 1070 1191 ferroquepetitus.

62 1215 251 1292 Exclusus
265 1216 300 1283 7⁶
314 1214 395 1291 fore
413 1271 425 1307 ,
439 1241 530 1290 cum
544 1230 578 1282 77
595 1214 847 1317 Longarenus
861 1211 960 1288 foret
973 1212 1089 1290 intus.

61 1340 97 1408 73
113 1340 220 1415 Huic
238 1336 270 1414 si
285 1354 319 1412 79
337 1335 506 1413 mutonis
520 1332 654 1413 verbis
670 1334 705 1386 33
721 1333 826 1411 mala
846 1350 954 1411 tanta
969 1334 1140 1415 videntis

62 1466 230 1542 Diceret
243 1464 327 1541 haec
337 1467 493 1554 animus
505 1495 516 1542 t
528 1463 560 1515 ³¹
572 1463 679 1567 Quid
690 1462 750 1540 vis
764 1461 863 1542 tibi?
873 1465 1065 1569 numquid
1076 1494 1147 1571 ego
1158 1468 1180 1543 ἐι
1192 1479 1229 1542 te

63 1595 99 1646 ⁸2
116 1596 266 1697 Magno
278 1607 511 1697 prognatum
527 1592 691 1697 deposco
710 1593 867 1670 consule
884 1620 1077 1689 cunnum,

63 1723 332 1826 Velatumque
353 1722 388 1773 33
407 1722 524 1816 stola,
540 1722 576 1788 34
592 1748 683 1799 mea
701 1750 794 1799 cum
813 1720 1033 1800 conferbuit
1049 1721 1135 1802 ira?

65 1850 99 1904 33
115 1846 223 1951 Quid
238 1847 512 1952 responderet?
529 1847 564 1899 33
582 1849 731 1952 Magno
749 1863 857 1951 patre
877 1862 969 1923 nata
989 1846 1118 1950 puella
1136 1861 1207 1928 est.

67 1972 101 2039 37
116 1974 173 2047 At
190 1986 335 2075 quanto
352 1970 515 2050 meliora
532 1987 688 2066 monet,
703 1971 739 2023 33
757 1971 1050 2077 pugnantiaque
1066 1969 1151 2051 istis

69 2095 191 2174 Dives
206 2095 289 2199 opis
304 2112 444 2173 natura
461 2124 539 2174 suae
550 2156 562 2191 ‚
575 2111 620 2174 tu
636 2096 669 2175 si
685 2098 801 2175 modo
818 2097 852 2165 39
867 2113 971 2174 recte

69 2220 299 2326 Dispensare
319 2221 444 2316 velis,
464 2250 510 2299 ac
528 2251 606 2300 non
622 2223 811 2326 fugienda
830 2221 1008 2326 petendis

70 2352 320 2446 immiscere3
340 2368 375 2421 90
397 2367 463 2431 tuo
485 2351 607 2446 vitio,
628 2379 816 2430 rerumne·
831 2349 1012 2441 labores,

72 2477 137 2554 Nil
157 2479 303 2555 referre
327 2487 469 2582 putas?
487 2505 636 2583 quare,
658 2506 707 2554 ne
730 2477 915 2582 poeniteat
939 2490 1001 2567 te,

71 2604 214 2683 Desine
238 2611 433 2682 matronas
454 2604 828 2697 sectarier,s1unde
848 2600 994 2679 laboris

70 2727 160 2806 Plus
182 2727 342 2804 haurire
364 2727 459 2805 mali
485 2746 561 2823 est,
579 2756 700 2835 quam
718 2756 767 2805 ex
782 2756 824 2805 re
839 2729 1048 2833 decerpere
1064 2721 1226 2801 fructus.

71 2866 103 2918 9²
119 2854 203 2930 Nec
223 2852 350 2957 magis
369 2852 463 2929 huic
484 2853 586 2929 inter
607 2853 761 2947 nivem,
779 2852 1002 2955 viridesque
1019 2848 1197 2953 lapillos,

70 3032 100 3086 7¹
113 3015 290 3072 consumere.
309 3017 389 3087 721n
404 3017 546 3069 meretrice
554 3014 634 3090 vulgo
665 3019 833 3090 ‘nterrognre
842 3013 965 3069 Villium.
982 3014 1017 3067 82
1027 3010 1233 3066 Nobilemms-

72 3102 203 3172 expositu,
218 3119 278 3172 quse
289 3113 350 3173 roge
361 3097 501 3165 utebatur,
510 3098 636 3153 utim-
667 3114 785 3155 nonam.
802 3098 838 3151 ⁸3
854 3096 928 3150 Stola
940 3097 1021 3150 vestis
1038 3108 1079 3150 est
1093 3110 1234 3148 metrone-

70 3184 152 3236 tronis
168 3182 273 3237 stolatis
291 3180 507 3255 distinguerem.
669 3200 739 3237 rum.
758 3183 792 3248 84
806 3181 876 3235 Cum
894 3177 1026 3233 incendor
1040 3176 1164 3232 libidine.

106 3264 140 3335 73
149 3267 180 3319 lu
188 3268 299 3332 Fausta,
310 3262 392 3319 salle
402 3262 502 3316 nobilis
510 3264 561 3317 viri
570 3262 634 3316 [ilis.
701 3266 736 3318 85
744 3262 819 3335 Quid
826 3260 1235 3337 responderetvilliusttssflaec

73 3353 106 3415 74
118 3347 181 3401 Non
192 3366 278 3422 gener
288 3365 396 3411 revers,
408 3343 457 3400 sed
466 3348 504 3399 its
513 3345 635 3420 appella·
669 3345 770 3400 nobilis
778 3343 1082 3419 puellaprteferendaest
1090 3343 1236 3399 libertinas.

68 3441 139 3494 tus,
168 3428 243 3504 quod
271 3429 352 3485 Sullas
376 3428 458 3483 liliam
484 3444 634 3503 stuprasset.
706 3431 741 3500 87
764 3429 867 3480 Natura
892 3428 946 3480 suis
967 3428 1062 3501 opibus
1085 3440 1236 3488 contentu,

75 3510 107 3578 75
120 3512 199 3566 Hanc
214 3530 297 3566 uuam
308 3511 343 3566 ob
357 3531 482 3579 cauum,
495 3510 567 3585 quod
579 3532 635 3565 no·
670 3528 771 3588 quanto
778 3511 888 3565 meliors
894 3527 1078 3585 monet,quanr
1086 3506 1239 3575 tu,svillir

75 3591 135 3647 bilis
143 3599 193 3649 viri
205 3596 287 3651 liliam
297 3612 324 3651 et
333 3611 482 3651 matronam
489 3610 634 3669 appeteret.
670 3600 705 3651 88
723 3598 791 3649 Tuus
810 3596 931 3668 opinioni
949 3598 1091 3650 contraria.
1113 3594 1148 3662 89
1161 3589 1187 3642 Si
1204 3604 1238 3647 tls

110 3679 145 3746 76
157 3678 268 3733 Foribus
279 3678 411 3733 exclusus.
428 3696 462 3749 77
472 3677 547 3732 Alter
555 3676 634 3732 adul·
670 3679 739 3734 velis
749 3696 811 3732 curn
824 3681 927 3732 ratione
940 3680 1038 3733 vivere.
1053 3695 1088 3748 9⁰
1098 3663 1236 3727 Nihilin-

76 3772 115 3811 ter
125 3760 210 3816 Villio
221 3761 334 3816 felicior.
352 3763 386 3835 78
399 3760 492 3815 Villio.
513 3780 548 3834 79
560 3761 587 3814 Si
601 3781 636 3815 ex
671 3776 769 3816 teresse
778 3775 854 3834 putes
865 3762 959 3814 vitiosa
970 3757 1130 3834 cupiditate,
1144 3772 1179 3806 an
1189 3771 1240 3807 re·

78 3843 203 3900 mensulae
227 3844 315 3900 verbis
342 3844 636 3919 unimus'loqueretur.
673 3844 994 3919 rumpenurialaboresl

78 3924 112 3975 80
120 3926 195 3980 Mala
207 3947 264 4001 quae
277 3927 375 3984 Villius
387 3929 522 3984 sustinuit.
533 3929 565 3981 81
580 3930 638 3983 Le-
708 3947 740 4000 91
761 3927 784 3980 A
803 3927 899 4001 quibus
917 3926 1061 3990 matronis,
1080 3919 1109 3974 id
1128 3932 1182 3983 est,
1201 3935 1239 3973 ex

79 4005 141 4080 pida
154 4010 359 4089 Prosopopoeiu‚
373 4032 426 4089 qus
441 4026 517 4068 muto
530 4011 639 4087 fingitur
672 4014 746 4068 coitu
768 4030 830 4067 cum
851 4025 984 4080 matrona.
1009 4025 1044 4081 9²
1068 4005 1127 4059 Nec
1149 4003 1241 4058 femur
