2842 4750
391 375 638 430 nronou
689 368 889 429 trunti.
1152 374 1230 449 219

202 523 235 578 Ῑ9
251 508 279 584 J
281 535 387 586 ussus
410 507 520 583 ebire
545 505 730 597 domum,

260 612 432 707 Ferebar
453 645 488 681 ²0
510 629 660 703 incerto
682 627 811 730 pede,

154 761 222 837 Ad
242 766 324 837 non'
339 755 512 849 amicos,
535 754 632 832 heu!
654 754 757 830 mihi
779 749 932 858 postes,
956 767 1021 844 et,
1045 750 1148 830 heu!
1228 812 1231 819 .

205 900 238 941 ²¹
262 882 421 961 Limina
443 881 568 974 dura,
593 879 737 984 quibus

255 1005 454 1098 Lembos,
480 1021 519 1081 et
539 1003 683 1108 infregi
706 1003 820 1081 latus.

156 1151 191 1190 22
208 1135 327 1213 Nunc
345 1134 544 1238 gloriantis
562 1120 784 1238 quamlibet
803 1129 1081 1208 mulierculam

207 1260 381 1340 Vincere
403 1258 596 1352 mollitia,

258 1387 385 1460 Amor
405 1382 561 1488 Lycisci
583 1409 648 1458 mc
669 1397 801 1472 tenet;

157 1509 191 1562 ²³
217 1508 332 1584 Unde
354 1509 538 1615 expedire
560 1536 639 1584 non
662 1507 880 1585 amicorum
906 1521 1053 1609 queant

207 1651 243 1703 24
266 1635 412 1712 Libera
433 1636 624 1731 consiliu,

255 1758 342 1841 Nec
360 1760 394 1810 ²⁵
416 1760 666 1836 coutumeliae
688 1788 851 1864 graves3

155 1889 192 1942 ²⁶
208 1884 286 1965 Sed
308 1888 408 1965 alius
430 1889 568 1982 ardor,
594 1906 662 1965 aut
684 1888 828 1992 puellee
851 1886 1055 1981 candide,

201 2017 287 2092 Aut
309 2029 344 2083 27
368 2014 501 2091 teretis
522 2014 664 2119 pueri,

256 2140 436 2241 Longam
453 2139 488 2191 2³
507 2138 734 2215 renodantis
755 2166 922 2217 comem.
1038 2196 1042 2201 ·

50 2291 133 2347 Petti.
152 2288 222 2364 19l
236 2305 264 2343 te
277 2290 372 2362 jussus.
388 2307 423 2343 20
436 2291 620 2364 Incertasque
656 2306 684 2347 et
699 2291 733 2346 eb
749 2276 906 2344 eduletiuue
923 2288 1019 2344 libere.
1037 2288 1073 2343 25
1089 2287 1153 2343 Non
1172 2289 1228 2345 ob-

48 2378 119 2431 irem
129 2414 138 2441 ,
149 2371 248 2452 quidve
260 2392 368 2447 egerem
377 2414 386 2443 ‚
396 2373 501 2430 ferebar
509 2373 545 2430 ad
553 2395 621 2449 poe·
655 2378 835 2450 jurgetiones‚
849 2373 896 2432 rel
909 2374 1014 2449 injurie
1027 2372 1061 2432 eb
1073 2375 1161 2429 amice
1175 2394 1227 2430 ac-

49 2476 110 2527 tes,
125 2457 226 2528 idest,
241 2458 360 2512 lnechiae
375 2459 463 2527 aedes,
479 2459 548 2514 mihi
559 2461 620 2513 ini·
657 2475 753 2534 cepte.

50 2547 145 2599 micae.
173 2561 205 2596 αι
229 2541 272 2597 Ad
294 2543 362 2597 dura
386 2545 442 2617 ejus
464 2542 619 2612 vestibula,
696 2543 732 2597 26
755 2540 809 2597 Sed
831 2537 898 2596 elius
921 2543 1006 2601 umoi.
1039 2540 1122 2595 ovid.
1150 2543 1226 2596 Suc-

50 2644 131 2702 euper
147 2645 205 2699 que
219 2625 342 2699 jacebam
358 2641 427 2680 totas
444 2644 548 2682 noctes.
655 2647 764 2690 cessere
790 2647 860 2682 novo
886 2630 1005 2681 tollitur
1022 2632 1115 2679 omnis
1136 2646 1226 2680 amor.

84 2727 123 2764 22
136 2707 213 2762 Ordo
228 2725 268 2763 est
284 2729 291 2763 ι
307 2711 389 2765 Nunc
403 2729 479 2765 eruor
491 2713 619 2787 Lycisci,
655 2730 690 2780 27
715 2709 852 2770 Habentis
870 2709 993 2765 membre
1011 2709 1096 2764 solide
1111 2724 1139 2764 et
1152 2711 1226 2763 succi

52 2792 190 2865 gloriantis
205 2811 232 2847 ee
248 2796 357 2848 vincere
371 2793 487 2856 mollitia
500 2794 621 2869 quamli-
655 2795 744 2871 plena.
761 2798 795 2850 28
807 2795 884 2850 Alius
898 2815 974 2848 emor
986 2787 1063 2868 pue'ri
1078 2796 1108 2846 in
1122 2791 1226 2846 nodum

52 2874 98 2929 bet
111 2874 314 2944 mulierculam,
328 2894 467 2934 meteret.
483 2879 621 2954 23Aqu0
655 2871 808 2953 colligentis
829 2898 945 2934 comem.
972 2876 1057 2950 Quod
1072 2865 1227 2948 sacieb'ant.
1341 2887 1344 2896 '

52 2977 143 3017 amore
157 2973 202 3015 nte
217 2964 359 3017 extricare.
376 2970 410 3030 24
426 2961 546 3017 Consilia
558 2981 622 3018 vere
653 2969 737 3037 pueri
750 2961 901 3037 impudici.
915 2960 988 3015 Vide
997 2959 1049 3014 ode
1063 2975 1092 3014 x.
1105 2954 1153 3011 lib.
1167 2976 1205 3010 iv.

477 3115 622 3234 uun
672 3131 801 3234 xri.
902 3115 904 3122 ¹

117 3362 172 3434 In
196 3386 320 3436 unum
336 3360 495 3463 fredam
521 3390 609 3463 quae
635 3360 747 3435 illius
774 3293 1166 3452 amoressam'bi'ebar.
1225 3381 1231 3470 {
1304 3442 1314 3461 .

58 3516 191 3678 Qum
209 3560 283 3638 tibi
300 3560 387 3652 vis,
410 3558 579 3655 mulier,
602 3560 726 3666 nigris
742 3547 971 3663 dignissima
989 3574 1002 3609 1
1021 3557 1180 3635 barris?

103 3688 276 3796 Munera
293 3713 364 3762 cur
378 3681 506 3778 mihi,
530 3683 678 3788 quidve
695 3699 713 3734 2
729 3682 893 3761 tabellas

94 3860 105 3893 ι
126 3838 192 3892 Νοη
207 3839 272 3892 viris
285 3837 388 3912 digne,
405 3836 573 3904 redburne,
592 3837 624 3893 ie
656 3836 821 3892 laetissimos
839 3857 872 3892 ec
888 3793 1127 3893 mentuletieeimoe
1142 3854 1225 3892 emn-

58 3935 117 3986 ert,
140 3919 291 3995 elephantie
314 3920 435 3989 Indicis,
455 3924 500 3995 qui
524 3940 623 3995 magne
656 3940 737 3978 tores.
756 3924 846 3978 2.Cur
861 3926 947 3975 mittis
966 3919 1109 3996 epimelas,
1127 3920 1226 3994 quibu·

58 4001 155 4061 hebent
164 4002 305 4081 genitalia,
319 4003 427 4063 fortene
437 4004 564 4080 intellifiit
573 4024 622 4076 uu-¹
655 3998 1160 4076 meadtuamlibidiuemexplendem
1169 4004 1230 4080 ⁸⁰12
1269 4068 1273 4088 ;

107 4218 121 4253 0
