2842 4750
212 324 283 376 ror
585 320 624 390 o.
677 317 954 376 uorsrrr

357 448 391 516 37
416 449 495 525 Cur
517 440 621 526 ualle
648 465 864 551 permutem
886 448 1032 526 Sabina

409 575 581 653 Divitias
602 575 864 677 operosiores?

246 724 280 796 37
291 724 345 780 Cur
356 723 450 780 relicto
461 745 525 781 meo
535 745 597 798 agro
610 725 709 779 Sabino
720 765 728 791 ‚
741 710 777 779 in'
806 740 928 799 appetam
942 725 1124 781 molestiarum
1142 725 1239 800 plenas
1256 744 1387 800 magna-

209 828 262 882 quo
281 810 364 863 vitam
384 827 435 882 ago
456 807 645 882 tranquillum,
664 807 771 862 divitias
806 829 858 883 que
872 830 953 885 opera
965 825 1137 885 comparatas.

440 1003 533 1077 AD
586 1002 885 1081 AMICOS.
963 1004 1048 1081 Ode
1078 1005 1143 1081 ΙΙ.

234 1206 386 1278 Pueros
414 1205 465 1278 ab
494 1210 650 1278 ineunte
681 1222 801 1279 oetote
830 1204 1152 1302 assuefaciendos
1179 1230 1265 1279 esse
1300 1211 1365 1280 rei

507 1330 674 1403 militari
700 1351 739 1404 et
758 1337 854 1404 vitto
875 1333 1095 1408 laboriosae.

315 1565 329 1599 1
361 1505 676 1641 Areosrir,
702 1550 845 1643 amici,
871 1550 1095 1654 pauperiem
1118 1548 1195 1652 pati

315 1690 332 1725 2
358 1673 553 1749 Robustus
572 1673 656 1751 acri
678 1675 821 1752 militia
847 1703 943 1779 puer

367 1802 599 1896 Condiseat,
622 1819 661 1878 et
681 1804 697 1854 3
720 1803 884 1880 Parthos
906 1803 1055 1879 feroces

417 1932 547 2010 Vexet
572 1958 689 2034 eques
711 1932 942 2008 metuendus
964 1929 1107 2021 hasta,

316 2056 532 2158 Vitamque
557 2070 575 2119 4
599 2053 670 2130 sub
695 2054 759 2130 dio
784 2070 823 2130 et
844 2053 1004 2157 trepidis
1028 2069 1118 2155 egat

317 2182 366 2256 In
390 2178 516 2256 rebus.
545 2178 664 2254 Illum
690 2207 739 2256 ex
756 2177 950 2256 moenibus
973 2175 1130 2254 hosticis

370 2308 386 2357 ⁵
411 2309 593 2384 Matrona
616 2305 801 2386 bellantis
825 2305 981 2412 tyranni
1059 2389 1062 2396 A

315 2489 319 2496 .
385 2487 387 2492 ,
421 2432 682 2535 Prospiciens‚
709 2449 748 2507 et
770 2434 786 2482 ⁶
810 2431 944 2508 adulta
971 2430 1108 2533 virgo

320 2571 338 2621 7
364 2553 535 2655 Suspiret
557 2585 567 2630 ε
590 2552 730 2630 Eheu!
755 2582 804 2629 ne
829 2553 846 2604 3
865 2554 972 2630 rudis
995 2551 1199 2656 agminum

321 2671 484 2779 Sponsus
510 2676 672 2753 lacessat
696 2695 712 2744 9
737 2676 866 2779 regius
891 2670 1072 2780 asperum

371 2805 497 2878 Taetu
523 2816 556 2852 10
578 2800 753 2892 leonem,
779 2828 898 2903 quem
923 2817 1084 2876 cruenta
1169 2835 1172 2839 ⁸

420 2929 496 3003 Per
521 2924 670 3000 medias
690 2928 793 3026 rapit
816 2923 874 3000 ira
900 2924 1035 3000 coedes.

319 3053 449 3129 Dulce
472 3069 511 3128 et
533 3053 714 3129 decorum
742 3068 797 3128 est
818 3080 886 3155 pro
908 3038 1035 3154 patria
1058 3050 1168 3127 mori.

309 3174 429 3258 'Mors
453 3200 491 3257 et
516 3196 545 3232 11
573 3180 757 3285 fugacem
781 3181 1021 3285 persequitur
1047 3180 1206 3272 virum,

262 3387 272 3417 r
297 3363 455 3435 Pauperiem
474 3362 568 3418 duram
590 3380 617 3418 et
636 3364 784 3418 difficilem.
820 3363 917 3417 Eheu!
933 3382 968 3417 ne
983 3364 1069 3437 regius
1082 3382 1192 3436 sponsus
1206 3361 1282 3418 rudis
1298 3369 1398 3441 agmi-

223 3466 241 3501 2
253 3448 323 3500 Puer
332 3445 416 3498 fectus
425 3446 546 3501 robustus
555 3467 602 3520 per
612 3466 700 3501 acrem
708 3444 786 3498 mili-
820 3465 887 3499 num
903 3445 1014 3500 lacessat
1028 3446 1136 3502 leonem
1154 3464 1278 3520 asperum
1296 3465 1399 3519 tactu,

222 3533 298 3585 tiam.
317 3528 455 3582 sparthos
464 3550 512 3603 pro
527 3529 689 3604 quibuslibet
698 3529 786 3582 hosti·
820 3548 900 3601 quern
923 3531 992 3602 rapit
1013 3543 1124 3583 cruenta
1146 3531 1185 3581 ira
1208 3548 1256 3601 per
1280 3533 1400 3589 medias

223 3613 284 3667 bus.
313 3623 330 3679 4
349 3610 403 3664 Sub
422 3612 478 3665 sole
498 3629 574 3667 extra
593 3627 695 3666 tectum
713 3613 787 3665 vivet
820 3609 917 3664 caedes.
937 3609 1258 3665 8Reimilitarisinscius.
1278 3615 1402 3689 9Sp0n.

223 3712 250 3749 et
261 3699 290 3749 in
301 3695 379 3748 rebus
388 3693 575 3749 formidolosis.
638 3746 640 3750 ,
821 3712 864 3746 sus
873 3694 946 3767 regia
956 3695 1034 3766 stirpe
1044 3695 1206 3765 progenitus.
1224 3712 1254 3747 ro
1263 3695 1400 3754 Militem

268 3779 285 3830 5
306 3778 382 3830 Uxor
403 3780 510 3849 tyranni
535 3777 647 3847 alicujus
668 3775 783 3830 barbari.
819 3777 970 3828 Romanum
981 3777 1011 3828 in
1023 3774 1149 3828 conflictu
1162 3794 1270 3830 saevum.
1281 3775 1341 3833 Est
1351 3781 1400 3835 al-

222 3861 330 3932 6Virgo
341 3859 440 3913 nubilis
450 3875 477 3913 et
490 3875 593 3912 matura
604 3861 669 3912 viro.
683 3879 698 3930 7
709 3861 785 3913 Voce
821 3856 930 3931 legoria.

219 3941 386 4016 queribunda
416 3942 475 3996 hoec
517 3941 596 3998 verba
629 3941 784 4015 loquatur:
861 3961 888 3997 ιι
911 3939 965 4013 Qui
981 3940 1107 4015 fugiendo
1125 3939 1269 3997 consulunt
1285 3942 1398 4020 saluti,
