2842 4750
195 282 264 360 160
593 299 633 370 Q.
686 294 954 353 noueris

286 444 321 483 ¹²
344 426 492 522 Dicar,
517 453 596 532 qua
621 426 772 505 violens
792 425 978 530 obstrepit
1003 425 1035 478 13
1051 424 1245 517 Aufidus,

285 556 336 633 Et
359 560 437 658 qita
459 580 605 656 pauper
627 578 742 657 aquae
766 568 800 618 14
821 553 987 628 Daunus
1011 550 1223 654 agrestium
1266 654 1268 659 s

286 679 322 732 1⁵
344 676 543 781 Regnavit
564 676 819 779 populorum,
845 676 879 727 ¹⁶
900 703 949 752 ex
972 673 1115 752 humili
1139 691 1292 773 potens,

288 820 324 873 17
345 802 528 904 Princeps
555 800 588 853 ¹⁸
610 801 783 879 AEolium
803 824 963 879 carmen
986 799 1038 876 ad
1060 799 1177 876 Italos

288 927 507 1004 Deduxisse
531 928 676 1006 modos.
703 944 736 996 ¹9
758 928 877 1005 Sume
900 924 1126 1031 superbiam

288 1051 503 1152 Quaesitam
526 1050 703 1144 meritis,
729 1066 768 1128 et
790 1049 892 1126 mihi
917 1048 1116 1153 Delphica

286 1191 324 1228 ²0
340 1176 472 1267 Lauro
490 1173 603 1280 cinge
621 1176 779 1270 volens,
804 1173 1080 1280 Melpomene,
1105 1202 1271 1258 comam.
1385 1241 1389 1251 .

130 1359 131 1362 ’
229 1358 347 1417 ruOrdo
357 1360 483 1433 esttEgo
492 1374 586 1433 potens
596 1379 631 1414 ex
640 1359 753 1427 humili,
789 1370 865 1419 teet.
889 1358 921 1414 16
938 1359 993 1431 Qui
1014 1355 1143 1413 libertino
1163 1375 1238 1435 patre
1257 1372 1353 1431 natus3

188 1447 328 1523 princeps,
344 1462 391 1496 seu
404 1445 506 1517 primus
521 1441 596 1497 dicar
610 1442 754 1497 deduxisse
788 1458 884 1517 potens
901 1457 930 1498 et
944 1442 1031 1498 cletus
1053 1443 1140 1495 extiti.
1174 1461 1205 1510 ¹7
1221 1442 1352 1501 Omnium

189 1529 318 1584 AEoliurn
331 1544 440 1581 carmen
450 1524 484 1577 ad
493 1524 573 1577 ltalos
582 1523 754 1597 modos‚qua
788 1526 899 1599 primus.
926 1526 1096 1581 18Cermine
1112 1525 1211 1581 AEolio
1231 1547 1295 1583 usus
1314 1544 1370 1585 est.

108 1608 110 1613 ¹
189 1612 320 1684 obstrepit
328 1609 432 1663 violens
441 1608 565 1676 Aufidus,
578 1624 606 1663 et
616 1627 668 1682 qua
680 1628 753 1682 pau·
789 1609 911 1677 Alcaeus,
929 1608 945 1663 l
960 1608 1048 1664 Lesbo
1063 1608 1169 1675 insula,
1190 1613 1220 1664 in
1239 1623 1352 1687 ‹piare-

187 1714 237 1769 per
254 1713 328 1766 aqua
346 1695 460 1745 Daunus
474 1694 596 1765 regnavit
609 1694 752 1765 agrestium
788 1695 881 1767 guerit
898 1691 1010 1749 AEolus.

187 1775 359 1852 populorum.
382 1776 413 1828 13
426 1773 567 1828 Violentus
581 1774 685 1848 Apuliae
697 1774 754 1828 llu-
828 1797 861 1851 ¹9
870 1775 1091 1851 OMelpomene,
1100 1797 1174 1832 sume
1182 1778 1352 1854 superbiam,

187 1863 264 1927 vius,
276 1858 323 1912 ubi
335 1873 414 1912 natus
423 1872 463 1911 est
472 1857 609 1912 Horatius.
788 1858 888 1926 idest,
903 1857 1014 1933 gloriam
1028 1875 1056 1915 et
1069 1860 1239 1933 nobilitatem
1252 1863 1353 1937 quasi-

229 1954 261 2009 ¹4
273 1945 387 1995 Daunus
397 1980 405 2006 ‚
415 1959 463 1995 rex
470 1939 574 2014 Apuliae
589 1940 656 2007 fuit,
674 1939 761 2003 icu—¹
787 1956 844 1995 tam
859 1943 983 2011 meritis,
1006 1942 1035 1998 id
1058 1959 1117 2011 est,
1140 1945 1303 2011 virtutibus,
1325 1959 1354 1999 et

186 2026 230 2100 jus
240 2027 351 2078 nomine
364 2025 458 2077 fluvius
473 2026 511 2077 sic
529 2022 675 2097 appellatus
693 2039 752 2091 est,
788 2024 882 2080 volens
903 2027 983 2101 cinge
1003 2025 1072 2082 mihi
1091 2047 1198 2083 comam
1215 2027 1352 2103 Delphica

187 2111 235 2183 qui
252 2108 347 2162 fluvius
362 2108 396 2161 ob
406 2107 580 2162 vehementes
594 2107 634 2162 ibi
650 2106 752 2162 calores
786 2108 873 2165 lauro.

187 2211 288 2268 pauper
304 2211 377 2266 aque
396 2190 502 2246 dicitur.
823 2211 858 2248 20
884 2194 991 2249 Corona
1022 2214 1057 2250 ex
1086 2194 1162 2249 lauro
1195 2213 1354 2253 consecrate

229 2278 259 2329 15
277 2279 333 2330 liex
352 2276 402 2330 fuit
417 2276 561 2349 agrestium
580 2272 751 2349 populorum.
787 2273 926 2349 Apollini,
941 2280 987 2352 qui
1001 2277 1134 2352 Delphis,
1147 2278 1234 2337 edidit
1244 2279 1353 2338 oracula

183 2357 283 2422 Graeca
310 2375 351 2417 est
374 2373 515 2417 structura.
544 2364 680 2423 {ceritum
704 2366 752 2417 eiu
788 2355 837 2413 sub
856 2374 949 2417 monte
967 2359 1108 2432 Parnassos
