2842 4750
235 290 312 370 36ss
637 306 676 377 o.
728 300 1006 361 nostrast

240 446 276 513 ⁵7
297 445 359 520 Ne
380 466 490 519 eures
513 441 580 533 ea,
603 467 691 544 quae
716 437 829 516 stulte
857 436 1009 514 miraris
1030 433 1064 487 66
1084 450 1124 512 et
1147 449 1276 541 optas,

242 568 426 658 Discere,
443 582 482 642 et
498 563 656 655 audire,
674 577 714 638 et
730 562 763 629 ⁵9
781 559 933 637 meliori
952 560 1109 636 credere
1128 589 1204 637 nou
1220 561 1306 639 vis?

241 696 278 747 ⁶0
300 693 396 797 Quis
417 693 566 768 circum
582 717 719 794 pagos,
741 703 781 764 et
801 688 950 764 circum
975 686 1143 789 compita
1167 715 1349 791 pugnax,

242 819 391 919 Magna
407 806 581 889 cor'onari
597 826 817 888 contemnat
830 811 861 862 ⁶¹
879 810 1087 914 Olympia,
1103 812 1166 887 cui
1180 839 1287 914 spes,

242 941 319 1020 Cui
338 941 387 1016 sit
409 936 580 1014 conditio
600 934 724 1012 dulcis
748 937 781 988 ⁶2
804 934 887 1013 sine
909 935 1069 1039 pulvere
1088 934 1256 1040 palmae?

242 1070 376 1148 Vilius
397 1069 602 1169 dugentum
622 1080 678 1140 est
697 1092 814 1156 auro,
834 1061 1046 1142 virtutibus
1067 1090 1217 1140 aurum.

245 1198 283 1273 Ο
306 1196 435 1285 cives,
461 1192 586 1285 cives,
607 1192 815 1295 quaerenda
844 1192 1010 1296 pecunia
1032 1191 1203 1295 primum
1228 1206 1311 1282 est3

244 1325 279 1376 ⁶³
295 1325 430 1402 Virtus
444 1339 526 1424 post
542 1348 731 1398 nummos.
750 1322 784 1386 ⁶4
801 1322 897 1396 Haec
912 1321 939 1396 J
942 1348 1037 1396 anus
1050 1345 1220 1395 summus
1239 1316 1291 1392 ab
1307 1318 1379 1393 imo

244 1447 456 1538 Prodocet;
474 1446 557 1520 haeo
575 1443 756 1520 recinunt
772 1444 931 1542 juvenes
947 1446 980 1496 ⁶⁶
999 1444 1168 1535 dictata,
1184 1468 1384 1545 senesque,

246 1575 364 1648 Laevo
385 1571 419 1621 ⁶⁶
439 1568 609 1672 suspensi
633 1567 778 1644 loculos
803 1568 836 1635 ⁶7
863 1569 1114 1673 tabulamque
1138 1568 1296 1645 lacertu.

244 1696 280 1749 66
296 1696 361 1770 Est
372 1692 529 1768 ‘animus
545 1690 639 1784 tibi,
653 1709 742 1768 sunt
757 1719 903 1786 mores,
920 1709 958 1770 et
972 1693 1126 1798 lingua,
1143 1692 1314 1795 fidesque
1331 1723 1343 1782 3

246 1822 282 1887 ⁶9
304 1818 380 1902 Sed
397 1815 689 1921 quadringentis
707 1843 774 1893 sex
794 1833 828 1884 70
847 1836 993 1923 septem
1017 1818 1146 1894 millia
1169 1819 1331 1893 desunt:

247 1964 279 2018 7Ῐ
295 1944 409 2024 Plebs
425 1944 508 2023 eris.
522 1946 578 2019 At
592 1944 702 2048 pueri
719 1943 916 2039 ludentes,
932 1951 1023 2025 Rex
1040 1956 1115 2023 cris
1122 2004 1134 2037 ,
1152 1945 1282 2038 aiunt,

250 2081 299 2154 Si
320 2057 425 2153 recte
438 2076 584 2176 facies.
606 2089 639 2140 7²
661 2072 739 2148 Hic
762 2100 894 2150 murus
915 2072 1086 2151 aheneus
1106 2089 1207 2165 esto,
1229 2127 1233 2136 .

248 2201 319 2280 Nil
336 2196 506 2275 conscire
523 2194 619 2287 sibi,
636 2195 745 2271 nulla
762 2195 969 2298 pallescere
988 2195 1116 2300 culpa.
1153 2249 1158 2260 ·

248 2327 283 2398 73
300 2322 462 2414 Roscia,
478 2320 544 2396 dic
558 2319 685 2413 sodes,
701 2318 841 2397 melior
857 2318 940 2413 lex,
957 2347 1008 2397 an
1024 2347 1231 2424 puerorum

249 2468 284 2520 74
302 2449 463 2538 Naenia‚
486 2473 573 2548 quae
593 2472 756 2546 regnum
780 2461 883 2521 recte
910 2444 1146 2521 facientibus
1170 2445 1309 2538 offert,

249 2574 283 2640 75
311 2570 361 2646 Et
386 2570 558 2646 maribus
587 2568 739 2662 Curiis,
762 2587 801 2646 et
826 2570 1032 2646 decantata
1055 2569 1260 2649 Camillis?

148 2729 150 2737 v
248 2699 284 2766 76
300 2698 386 2772 Isne
403 2693 478 2770 tibi
492 2694 633 2769 melius
648 2694 804 2789 suadet,
820 2712 854 2764 77
869 2694 937 2799 qui
953 2711 1090 2773 utrem
1106 2694 1247 2788 facias,
1263 2723 1366 2790 rem,

250 2876 299 2934 per
305 2857 458 2933 gravissima
463 2854 589 2929 pericula.
598 2857 631 2927 57
641 2856 679 2910 Ut
684 2876 720 2912 ne
727 2876 814 2925 cures,
848 2873 936 2914 torum
948 2858 1067 2912 nomina.
1077 2857 1112 2913 68
1122 2857 1204 2912 Hunc
1210 2876 1319 2913 versum
1327 2874 1352 2913 et
1361 2876 1398 2911 ss-

250 2940 811 3012 idest,utcontemnaseaque,etc.58Scil.
847 2957 997 3016 quantem,
1019 2941 1161 2995 meliorum
1182 2940 1311 2997 codicum
1328 2958 1399 3014 atque

249 3026 371 3089 divitias,
381 3023 514 3088 honores,
525 3037 577 3078 etc.
588 3024 623 3097 59
631 3022 811 3082 Prudentiori.
847 3023 997 3078 editionum
1013 3023 1082 3090 fide,
1100 3023 1161 3078 loco
1176 3028 1321 3080 movimus.
1335 3024 1399 3079 Vide

249 3110 286 3161 60
308 3108 377 3177 Quis
399 3105 482 3159 bomo
503 3103 578 3159 fortis
600 3120 627 3159 et
652 3125 760 3180 pugnax
780 3109 811 3161 iu
846 3105 937 3161 Bentl.
949 3107 985 3180 69
994 3106 1206 3179 Quadringentis
1217 3107 1401 3163 millibusses-

248 3188 387 3244 vilioribus
410 3189 603 3244 certaminibus
631 3191 760 3263 pugnabit
782 3205 810 3244 at
845 3193 963 3244 tertium.
977 3209 1012 3262 7⁰
1025 3190 1079 3245 sed
1088 3209 1137 3244 sex
1148 3206 1195 3244 aut
1207 3207 1311 3265 septem
1323 3191 1402 3246 millis

247 3285 418 3337 contemnet,
436 3286 490 3326 etc.
506 3272 538 3325 er
560 3272 688 3328 Coronati
707 3272 809 3349 Olpm-
843 3272 941 3328 desunt
951 3273 986 3339 ad
998 3293 1109 3328 censum
1124 3284 1283 3348 equestrem.
1297 3294 1331 3348 7¹
1346 3278 1403 3330 Eris

244 3357 353 3431 piorum
364 3357 485 3409 nomine.
496 3354 532 3407 62
542 3353 607 3408 Sine
617 3353 720 3409 labore.
843 3357 973 3431 plebeius.

284 3438 319 3491 65
337 3434 391 3490 Sed
404 3437 484 3491 stulte
500 3437 530 3490 id
541 3437 637 3491 facitis.
655 3439 691 3505 64
705 3432 809 3495 Omnes
879 3458 914 3511 72
929 3439 970 3494 Sit
983 3439 1042 3495 hec
1053 3458 1102 3494 arx
1111 3455 1174 3508 tua,
1185 3439 1287 3495 nullius
1300 3441 1402 3498 sceleris

244 3522 418 3577 foeneratores
436 3520 504 3593 (qui
525 3519 684 3575 habitabant
702 3522 733 3574 in
751 3520 808 3574 foro
842 3520 892 3578 tibi
909 3541 965 3577 esse
984 3525 1131 3579 conscium.

246 3606 384 3669 Romano,
399 3600 445 3655 ubi
459 3601 588 3676 templum
602 3619 642 3658 est
654 3602 736 3678 Jani)
749 3603 808 3661 hoec
877 3603 912 3676 73
925 3607 985 3659 Lex
995 3606 1011 3658 d
1023 3608 1120 3661 Roscio
1128 3605 1242 3669 Othone
1253 3606 1321 3662 lata.
1337 3606 1402 3660 Vide

245 3684 354 3761 publice
379 3683 487 3738 docent.
515 3688 549 3738 65
582 3686 649 3739 Haec
676 3703 808 3761 precepta
842 3687 973 3761 Epodtv.
981 3689 1164 3762 74Cantilena
1172 3689 1293 3763 puerilis.
1303 3691 1338 3761 75
1347 3692 1403 3744 De·

244 3770 340 3841 saepius
351 3766 495 3822 inculcata.
506 3767 541 3820 66
556 3768 695 3823 Habentes
707 3768 810 3824 loculos
843 3785 951 3825 cantata
963 3770 979 3823 d
990 3770 1139 3825 fortissimis
1152 3771 1205 3828 illis
1218 3772 1369 3842 Romans,
1380 3786 1403 3826 tt

211 3880 217 3885 ·
244 3867 385 3922 suspensos
393 3847 429 3902 ad
437 3847 724 3921 foeuusreponendum.
732 3852 808 3922 Ι67Ε7
843 3853 961 3908 mascula
969 3856 1066 3909 virtute
1075 3856 1203 3929 preditis.

244 3928 377 4015 babentes
390 3929 508 3995 tabularu
523 3929 558 3985 ad
574 3929 715 4007 seribenda
730 3929 809 4011 debig
878 3936 913 4008 76
937 3938 1039 4013 Roscia
1061 3936 1132 4012 legis
1156 3953 1257 4014 auctor.
1283 3955 1323 4014 77
1334 4006 1338 4013 1
1351 3938 1403 4015 Qu‘
