<?xml version="1.0" encoding="UTF-8"?>
<!DOCTYPE html PUBLIC "-//W3C//DTD XHTML 1.0 Transitional//EN"
    "http://www.w3.org/TR/xhtml1/DTD/xhtml1-transitional.dtd">
<html xmlns="http://www.w3.org/1999/xhtml" xml:lang="en" lang="en">
 <head>
  <title>
</title>
<meta http-equiv="Content-Type" content="text/html;charset=utf-8" />
  <meta name='ocr-system' content='tesseract 3.04.00' />
  <meta name='ocr-capabilities' content='ocr_page ocr_carea ocr_par ocr_line ocrx_word'/>
</head>
<body>
  <div class='ocr_page' id='page_1' title='image "./quintushoratius01horagoog_0291.png"; bbox 0 0 2842 4750; ppageno 0'>
   <div class='ocr_carea' id='block_1_1' title="bbox 403 338 1237 422">
    <p class='ocr_par' dir='ltr' id='par_1_1' title="bbox 403 338 1237 422">
     <span class='ocr_line' id='line_1_1' title="bbox 403 338 1237 422; baseline 0.002 -5"><span class='ocrx_word' id='word_1_1' title='bbox 403 361 912 422; x_wconf 80' lang='lat' dir='ltr'>nronounrenn.</span> <span class='ocrx_word' id='word_1_2' title='bbox 1068 352 1072 359; x_wconf 81' lang='grc'><em>’</em></span> <span class='ocrx_word' id='word_1_3' title='bbox 1162 338 1237 422; x_wconf 78' lang='lat'>235</span> 
     </span>
    </p>
   </div>
   <div class='ocr_carea' id='block_1_2' title="bbox 107 487 1127 2721">
    <p class='ocr_par' dir='ltr' id='par_1_2' title="bbox 107 487 1127 2721">
     <span class='ocr_line' id='line_1_2' title="bbox 177 487 979 599; baseline -0.001 -34"><span class='ocrx_word' id='word_1_4' title='bbox 177 487 380 581; x_wconf 79' lang='lat' dir='ltr'>Nasceris3</span> <span class='ocrx_word' id='word_1_5' title='bbox 407 504 439 540; x_wconf 82' lang='lat'>¹2</span> <span class='ocrx_word' id='word_1_6' title='bbox 460 492 577 591; x_wconf 89' lang='lat' dir='ltr'>possis</span> <span class='ocrx_word' id='word_1_7' title='bbox 602 488 705 565; x_wconf 89' lang='lat' dir='ltr'><strong>nihil</strong></span> <span class='ocrx_word' id='word_1_8' title='bbox 730 488 829 568; x_wconf 62' lang='lat' dir='ltr'>urbe,</span> <span class='ocrx_word' id='word_1_9' title='bbox 851 493 979 599; x_wconf 74' lang='lat' dir='ltr'>Roma</span> 
     </span>
     <span class='ocr_line' id='line_1_3' title="bbox 327 614 696 715; baseline 0 -23"><span class='ocrx_word' id='word_1_10' title='bbox 327 614 465 693; x_wconf 85' lang='lat' dir='ltr'><strong>Visere</strong></span> <span class='ocrx_word' id='word_1_11' title='bbox 487 614 519 665; x_wconf 78' lang='lat'>13</span> <span class='ocrx_word' id='word_1_12' title='bbox 544 615 696 715; x_wconf 28' lang='lat' dir='ltr'>majus..</span> 
     </span>
     <span class='ocr_line' id='line_1_4' title="bbox 176 729 793 846; baseline 0.008 -33"><span class='ocrx_word' id='word_1_13' title='bbox 176 737 269 815; x_wconf 90' lang='lat' dir='ltr'>Rite</span> <span class='ocrx_word' id='word_1_14' title='bbox 294 729 466 816; x_wconf 85' lang='lat' dir='ltr'>maturos</span> <span class='ocrx_word' id='word_1_15' title='bbox 488 740 639 845; x_wconf 82' lang='lat' dir='ltr'>operire</span> <span class='ocrx_word' id='word_1_16' title='bbox 661 756 793 846; x_wconf 87' lang='lat' dir='ltr'>partus</span> 
     </span>
     <span class='ocr_line' id='line_1_5' title="bbox 175 861 888 968; baseline 0.007 -31"><span class='ocrx_word' id='word_1_17' title='bbox 175 861 293 939; x_wconf 85' lang='lat' dir='ltr'>Lenis</span> <span class='ocrx_word' id='word_1_18' title='bbox 315 880 349 930; x_wconf 80' lang='grc' dir='ltr'>Ῑ4</span> <span class='ocrx_word' id='word_1_19' title='bbox 373 864 564 968; x_wconf 85' lang='lat' dir='ltr'>Ilithyia,</span> <span class='ocrx_word' id='word_1_20' title='bbox 588 884 698 944; x_wconf 87' lang='lat' dir='ltr'>tuere</span> <span class='ocrx_word' id='word_1_21' title='bbox 720 883 888 959; x_wconf 60' lang='lat' dir='ltr'>matrem</span> 
     </span>
     <span class='ocr_line' id='line_1_6' title="bbox 178 987 915 1095; baseline 0.007 -33"><span class='ocrx_word' id='word_1_22' title='bbox 178 987 214 1037; x_wconf 80' lang='lat'>¹⁵</span> <span class='ocrx_word' id='word_1_23' title='bbox 237 988 327 1064; x_wconf 90' lang='lat' dir='ltr'>Sive</span> <span class='ocrx_word' id='word_1_24' title='bbox 349 1004 391 1065; x_wconf 90' lang='lat' dir='ltr'>tu</span> <span class='ocrx_word' id='word_1_25' title='bbox 415 990 568 1067; x_wconf 88' lang='lat' dir='ltr'>Lucina</span> <span class='ocrx_word' id='word_1_26' title='bbox 592 990 730 1095; x_wconf 83' lang='lat' dir='ltr'>probas</span> <span class='ocrx_word' id='word_1_27' title='bbox 754 987 915 1086; x_wconf 81' lang='lat' dir='ltr'>vocari,</span> 
     </span>
     <span class='ocr_line' id='line_1_7' title="bbox 332 1114 708 1193; baseline 0.008 -3"><span class='ocrx_word' id='word_1_28' title='bbox 332 1114 365 1164; x_wconf 84' lang='lat'>¹⁶</span> <span class='ocrx_word' id='word_1_29' title='bbox 389 1116 466 1191; x_wconf 87' lang='lat' dir='ltr'>Seu</span> <span class='ocrx_word' id='word_1_30' title='bbox 488 1115 708 1193; x_wconf 84' lang='lat' dir='ltr'><strong>Genitalis:</strong></span> 
     </span>
     <span class='ocr_line' id='line_1_8' title="bbox 179 1236 1119 1346; baseline 0.012 -37"><span class='ocrx_word' id='word_1_31' title='bbox 179 1252 215 1303; x_wconf 78' lang='lat'>17</span> <span class='ocrx_word' id='word_1_32' title='bbox 231 1236 362 1330; x_wconf 88' lang='lat' dir='ltr'>Diva,</span> <span class='ocrx_word' id='word_1_33' title='bbox 387 1240 577 1341; x_wconf 82' lang='lat' dir='ltr'><strong>producas</strong></span> <span class='ocrx_word' id='word_1_34' title='bbox 596 1239 795 1331; x_wconf 87' lang='lat' dir='ltr'><strong>sobolem,</strong></span> <span class='ocrx_word' id='word_1_35' title='bbox 819 1254 1053 1346; x_wconf 81' lang='lat' dir='ltr'>patrumque</span> <span class='ocrx_word' id='word_1_36' title='bbox 1118 1302 1119 1306; x_wconf 17' lang='grc' dir='ltr'>η</span> 
     </span>
     <span class='ocr_line' id='line_1_9' title="bbox 180 1362 908 1468; baseline 0.007 -31"><span class='ocrx_word' id='word_1_37' title='bbox 180 1362 384 1463; x_wconf 84' lang='lat' dir='ltr'>Prosperes</span> <span class='ocrx_word' id='word_1_38' title='bbox 408 1364 565 1439; x_wconf 86' lang='lat' dir='ltr'>decreta</span> <span class='ocrx_word' id='word_1_39' title='bbox 588 1364 702 1468; x_wconf 86' lang='lat' dir='ltr'>super</span> <span class='ocrx_word' id='word_1_40' title='bbox 726 1363 908 1467; x_wconf 71' lang='lat' dir='ltr'>iugandis</span> 
     </span>
     <span class='ocr_line' id='line_1_10' title="bbox 162 1485 1009 1593; baseline 0.005 -30"><span class='ocrx_word' id='word_1_41' title='bbox 162 1485 394 1580; x_wconf 56' lang='lat' dir='ltr'>foeminis,</span> <span class='ocrx_word' id='word_1_42' title='bbox 420 1490 615 1593; x_wconf 80' lang='lat' dir='ltr'>prolisque</span> <span class='ocrx_word' id='word_1_43' title='bbox 638 1517 750 1567; x_wconf 78' lang='lat' dir='ltr'>norae</span> <span class='ocrx_word' id='word_1_44' title='bbox 770 1490 893 1568; x_wconf 86' lang='lat' dir='ltr'>feraci</span> <span class='ocrx_word' id='word_1_45' title='bbox 1006 1500 1009 1505; x_wconf 80' lang='grc'><em>“</em></span> 
     </span>
     <span class='ocr_line' id='line_1_11' title="bbox 331 1598 678 1719; baseline 0.012 -29"><span class='ocrx_word' id='word_1_46' title='bbox 331 1614 364 1665; x_wconf 79' lang='lat'>1⁸</span> <span class='ocrx_word' id='word_1_47' title='bbox 383 1615 490 1719; x_wconf 83' lang='lat' dir='ltr'>Lege</span> <span class='ocrx_word' id='word_1_48' title='bbox 511 1598 678 1694; x_wconf 62' lang='lat' dir='ltr'>maritas</span> 
     </span>
     <span class='ocr_line' id='line_1_12' title="bbox 181 1741 957 1846; baseline 0.005 -30"><span class='ocrx_word' id='word_1_49' title='bbox 181 1753 216 1805; x_wconf 79' lang='lat'>19</span> <span class='ocrx_word' id='word_1_50' title='bbox 238 1741 374 1816; x_wconf 87' lang='lat' dir='ltr'><strong>Certus</strong></span> <span class='ocrx_word' id='word_1_51' title='bbox 394 1758 438 1817; x_wconf 89' lang='lat' dir='ltr'>ut</span> <span class='ocrx_word' id='word_1_52' title='bbox 458 1743 576 1824; x_wconf 85' lang='lat' dir='ltr'>denos</span> <span class='ocrx_word' id='word_1_53' title='bbox 596 1742 727 1819; x_wconf 86' lang='lat' dir='ltr'>decies</span> <span class='ocrx_word' id='word_1_54' title='bbox 747 1770 817 1846; x_wconf 85' lang='lat' dir='ltr'>per</span> <span class='ocrx_word' id='word_1_55' title='bbox 838 1770 957 1820; x_wconf 88' lang='lat' dir='ltr'>annos</span> 
     </span>
     <span class='ocr_line' id='line_1_13' title="bbox 183 1862 942 1973; baseline 0.008 -35"><span class='ocrx_word' id='word_1_56' title='bbox 183 1862 301 1939; x_wconf 90' lang='lat' dir='ltr'>Orbis</span> <span class='ocrx_word' id='word_1_57' title='bbox 323 1881 362 1940; x_wconf 88' lang='lat' dir='ltr'>et</span> <span class='ocrx_word' id='word_1_58' title='bbox 382 1883 543 1960; x_wconf 85' lang='lat' dir='ltr'>cantus,</span> <span class='ocrx_word' id='word_1_59' title='bbox 564 1868 783 1973; x_wconf 84' lang='lat' dir='ltr'>referatque</span> <span class='ocrx_word' id='word_1_60' title='bbox 808 1867 942 1960; x_wconf 87' lang='lat' dir='ltr'>ludos,</span> 
     </span>
     <span class='ocr_line' id='line_1_14' title="bbox 107 1989 908 2096; baseline 0.002 -32"><span class='ocrx_word' id='word_1_61' title='bbox 107 2046 109 2049; x_wconf 87' lang='lat'>-</span> <span class='ocrx_word' id='word_1_62' title='bbox 174 2001 219 2090; x_wconf 10' lang='lat'>*²0</span> <span class='ocrx_word' id='word_1_63' title='bbox 239 1991 318 2065; x_wconf 83' lang='lat' dir='ltr'>Ter</span> <span class='ocrx_word' id='word_1_64' title='bbox 339 1989 404 2067; x_wconf 91' lang='lat' dir='ltr'>die</span> <span class='ocrx_word' id='word_1_65' title='bbox 429 1989 559 2084; x_wconf 81' lang='lat' dir='ltr'>eluro,</span> <span class='ocrx_word' id='word_1_66' title='bbox 582 1991 772 2096; x_wconf 87' lang='lat' dir='ltr'>totiesque</span> <span class='ocrx_word' id='word_1_67' title='bbox 797 2008 908 2095; x_wconf 79' lang='lat' dir='ltr'>grate</span> 
     </span>
     <span class='ocr_line' id='line_1_15' title="bbox 334 2116 718 2218; baseline 0.003 -26"><span class='ocrx_word' id='word_1_68' title='bbox 334 2116 459 2192; x_wconf 84' lang='lat' dir='ltr'>Nocte</span> <span class='ocrx_word' id='word_1_69' title='bbox 483 2117 718 2218; x_wconf 86' lang='lat' dir='ltr'>frequentes.</span> 
     </span>
     <span class='ocr_line' id='line_1_16' title="bbox 184 2233 1002 2345; baseline -0.001 -26"><span class='ocrx_word' id='word_1_70' title='bbox 184 2253 217 2292; x_wconf 82' lang='lat'>²¹</span> <span class='ocrx_word' id='word_1_71' title='bbox 239 2233 399 2345; x_wconf 85' lang='lat' dir='ltr'>Vosque</span> <span class='ocrx_word' id='word_1_72' title='bbox 421 2264 580 2320; x_wconf 80' lang='lat' dir='ltr'>veraces</span> <span class='ocrx_word' id='word_1_73' title='bbox 604 2241 815 2335; x_wconf 81' lang='lat' dir='ltr'>cecinisse,</span> <span class='ocrx_word' id='word_1_74' title='bbox 841 2245 1002 2336; x_wconf 78' lang='lat' dir='ltr'>Petcae,</span> 
     </span>
     <span class='ocr_line' id='line_1_17' title="bbox 185 2366 1127 2473; baseline 0.003 -31"><span class='ocrx_word' id='word_1_75' title='bbox 185 2367 302 2469; x_wconf 87' lang='lat' dir='ltr'>Quod</span> <span class='ocrx_word' id='word_1_76' title='bbox 323 2366 444 2444; x_wconf 87' lang='lat' dir='ltr'>semel</span> <span class='ocrx_word' id='word_1_77' title='bbox 468 2368 618 2446; x_wconf 88' lang='lat' dir='ltr'>dictum</span> <span class='ocrx_word' id='word_1_78' title='bbox 640 2387 723 2462; x_wconf 92' lang='lat' dir='ltr'>est,</span> <span class='ocrx_word' id='word_1_79' title='bbox 748 2367 973 2473; x_wconf 73' lang='lat' dir='ltr'>stabilisque</span> <span class='ocrx_word' id='word_1_80' title='bbox 995 2396 1127 2446; x_wconf 90' lang='lat' dir='ltr'>rerum</span> 
     </span>
     <span class='ocr_line' id='line_1_18' title="bbox 188 2489 988 2595; baseline 0.003 -29"><span class='ocrx_word' id='word_1_81' title='bbox 188 2489 396 2566; x_wconf 84' lang='lat' dir='ltr'>Terminus</span> <span class='ocrx_word' id='word_1_82' title='bbox 415 2509 568 2585; x_wconf 79' lang='lat' dir='ltr'>servat,</span> <span class='ocrx_word' id='word_1_83' title='bbox 593 2491 799 2595; x_wconf 80' lang='lat' dir='ltr'>bonejam</span> <span class='ocrx_word' id='word_1_84' title='bbox 822 2491 988 2595; x_wconf 79' lang='lat' dir='ltr'>peractis</span> 
     </span>
     <span class='ocr_line' id='line_1_19' title="bbox 335 2617 613 2721; baseline 0.029 -31"><span class='ocrx_word' id='word_1_85' title='bbox 335 2617 362 2690; x_wconf 83' lang='lat' dir='ltr'><strong>J</strong></span> <span class='ocrx_word' id='word_1_86' title='bbox 365 2618 498 2721; x_wconf 84' lang='lat' dir='ltr'>ungite</span> <span class='ocrx_word' id='word_1_87' title='bbox 521 2619 613 2698; x_wconf 77' lang='lat' dir='ltr'>fata.</span> 
     </span>
    </p>
   </div>
   <div class='ocr_carea' id='block_1_3' title="bbox 83 2763 1258 4093">
    <p class='ocr_par' dir='ltr' id='par_1_3' title="bbox 83 2763 1258 4093">
     <span class='ocr_line' id='line_1_20' title="bbox 83 2763 1251 2841; baseline -0.003 -16"><span class='ocrx_word' id='word_1_88' title='bbox 83 2767 187 2825; x_wconf 86' lang='lat' dir='ltr'>videris</span> <span class='ocrx_word' id='word_1_89' title='bbox 206 2769 280 2821; x_wconf 88' lang='lat' dir='ltr'>nasci</span> <span class='ocrx_word' id='word_1_90' title='bbox 297 2765 399 2833; x_wconf 87' lang='lat' dir='ltr'>hodie,</span> <span class='ocrx_word' id='word_1_91' title='bbox 418 2784 510 2823; x_wconf 84' lang='lat' dir='ltr'>tamen</span> <span class='ocrx_word' id='word_1_92' title='bbox 528 2769 602 2824; x_wconf 85' lang='lat' dir='ltr'>idem</span> <span class='ocrx_word' id='word_1_93' title='bbox 621 2790 650 2825; x_wconf 86' lang='lat' dir='ltr'>es</span> <span class='ocrx_word' id='word_1_94' title='bbox 684 2763 824 2834; x_wconf 72' lang='lat' dir='ltr'>Mamali,</span> <span class='ocrx_word' id='word_1_95' title='bbox 840 2787 898 2841; x_wconf 74' lang='lat' dir='ltr'>quse</span> <span class='ocrx_word' id='word_1_96' title='bbox 917 2769 952 2822; x_wconf 87' lang='lat' dir='ltr'>sit</span> <span class='ocrx_word' id='word_1_97' title='bbox 972 2765 1047 2821; x_wconf 81' lang='lat' dir='ltr'>ferax</span> <span class='ocrx_word' id='word_1_98' title='bbox 1062 2767 1143 2841; x_wconf 85' lang='lat' dir='ltr'>prolis</span> <span class='ocrx_word' id='word_1_99' title='bbox 1161 2781 1251 2824; x_wconf 71' lang='lat' dir='ltr'>nove:</span> 
     </span>
     <span class='ocr_line' id='line_1_21' title="bbox 83 2841 1251 2926; baseline -0.002 -20"><span class='ocrx_word' id='word_1_100' title='bbox 83 2868 112 2906; x_wconf 90' lang='lat' dir='ltr'>et</span> <span class='ocrx_word' id='word_1_101' title='bbox 132 2870 241 2924; x_wconf 85' lang='lat' dir='ltr'>semper</span> <span class='ocrx_word' id='word_1_102' title='bbox 264 2870 342 2903; x_wconf 91' lang='lat' dir='ltr'>unus.</span> <span class='ocrx_word' id='word_1_103' title='bbox 371 2870 402 2905; x_wconf 79' lang='lat' dir='ltr'>ta</span> <span class='ocrx_word' id='word_1_104' title='bbox 421 2852 534 2905; x_wconf 90' lang='lat' dir='ltr'>Utinam</span> <span class='ocrx_word' id='word_1_105' title='bbox 555 2856 648 2925; x_wconf 84' lang='lat' dir='ltr'>possis.</span> <span class='ocrx_word' id='word_1_106' title='bbox 690 2841 1251 2926; x_wconf 66' lang='lat' dir='ltr'>18LegemtuleruntPapiusetPoppteus,</span> 
     </span>
     <span class='ocr_line' id='line_1_22' title="bbox 87 2927 1251 3008; baseline -0.003 -19"><span class='ocrx_word' id='word_1_107' title='bbox 87 2936 119 2989; x_wconf 71' lang='grc' dir='ltr'>ιδ</span> <span class='ocrx_word' id='word_1_108' title='bbox 129 2933 212 2989; x_wconf 85' lang='lat' dir='ltr'>Nihil</span> <span class='ocrx_word' id='word_1_109' title='bbox 222 2937 307 3008; x_wconf 84' lang='lat' dir='ltr'>majus</span> <span class='ocrx_word' id='word_1_110' title='bbox 317 2933 407 2988; x_wconf 85' lang='lat' dir='ltr'>videre</span> <span class='ocrx_word' id='word_1_111' title='bbox 417 2936 447 2988; x_wconf 88' lang='lat' dir='ltr'>in</span> <span class='ocrx_word' id='word_1_112' title='bbox 459 2934 513 2989; x_wconf 92' lang='lat' dir='ltr'>hoc</span> <span class='ocrx_word' id='word_1_113' title='bbox 524 2927 650 2992; x_wconf 83' lang='lat' dir='ltr'>inferiore</span> <span class='ocrx_word' id='word_1_114' title='bbox 686 2933 859 2991; x_wconf 82' lang='lat' dir='ltr'>Consules-de</span> <span class='ocrx_word' id='word_1_115' title='bbox 866 2934 1023 2987; x_wconf 72' lang='lat' dir='ltr'>maritandis</span> <span class='ocrx_word' id='word_1_116' title='bbox 1032 2932 1184 2999; x_wconf 80' lang='lat' dir='ltr'>ordinibus,</span> <span class='ocrx_word' id='word_1_117' title='bbox 1193 2935 1251 2986; x_wconf 79' lang='lat' dir='ltr'>Au-</span> 
     </span>
     <span class='ocr_line' id='line_1_23' title="bbox 85 3015 1252 3094; baseline -0.002 -22"><span class='ocrx_word' id='word_1_118' title='bbox 85 3015 202 3072; x_wconf 74' lang='lat' dir='ltr'>mundo,</span> <span class='ocrx_word' id='word_1_119' title='bbox 687 3036 763 3094; x_wconf 86' lang='lat' dir='ltr'>gusto</span> <span class='ocrx_word' id='word_1_120' title='bbox 776 3020 919 3093; x_wconf 83' lang='lat' dir='ltr'>imperium</span> <span class='ocrx_word' id='word_1_121' title='bbox 932 3033 1053 3072; x_wconf 86' lang='lat' dir='ltr'>tenente.</span> <span class='ocrx_word' id='word_1_122' title='bbox 1068 3016 1252 3089; x_wconf 82' lang='lat' dir='ltr'>19Precamur</span> 
     </span>
     <span class='ocr_line' id='line_1_24' title="bbox 126 3098 1251 3175; baseline 0 -23"><span class='ocrx_word' id='word_1_123' title='bbox 126 3110 161 3167; x_wconf 73' lang='lat'>¹4</span> <span class='ocrx_word' id='word_1_124' title='bbox 180 3099 206 3153; x_wconf 92' lang='grc' dir='ltr'>Ο</span> <span class='ocrx_word' id='word_1_125' title='bbox 219 3102 325 3166; x_wconf 88' lang='lat' dir='ltr'>Diana,</span> <span class='ocrx_word' id='word_1_126' title='bbox 341 3120 399 3173; x_wconf 83' lang='lat' dir='ltr'>quae</span> <span class='ocrx_word' id='word_1_127' title='bbox 412 3099 482 3155; x_wconf 86' lang='lat' dir='ltr'>lenis</span> <span class='ocrx_word' id='word_1_128' title='bbox 495 3122 523 3155; x_wconf 86' lang='lat' dir='ltr'>es</span> <span class='ocrx_word' id='word_1_129' title='bbox 538 3103 567 3156; x_wconf 88' lang='lat' dir='ltr'>in</span> <span class='ocrx_word' id='word_1_130' title='bbox 581 3122 650 3175; x_wconf 85' lang='lat' dir='ltr'>ape·</span> <span class='ocrx_word' id='word_1_131' title='bbox 686 3120 717 3157; x_wconf 92' lang='lat' dir='ltr'>ut</span> <span class='ocrx_word' id='word_1_132' title='bbox 726 3118 814 3157; x_wconf 88' lang='lat' dir='ltr'>certus</span> <span class='ocrx_word' id='word_1_133' title='bbox 825 3100 966 3174; x_wconf 87' lang='lat' dir='ltr'>orbis,(id</span> <span class='ocrx_word' id='word_1_134' title='bbox 976 3116 1031 3168; x_wconf 82' lang='lat' dir='ltr'>est,</span> <span class='ocrx_word' id='word_1_135' title='bbox 1042 3098 1168 3155; x_wconf 80' lang='lat' dir='ltr'>taculum</span> <span class='ocrx_word' id='word_1_136' title='bbox 1178 3098 1251 3173; x_wconf 87' lang='lat' dir='ltr'>quod</span> 
     </span>
     <span class='ocr_line' id='line_1_25' title="bbox 86 3181 1254 3257; baseline -0.002 -19"><span class='ocrx_word' id='word_1_137' title='bbox 86 3184 192 3238; x_wconf 85' lang='lat' dir='ltr'>riendis</span> <span class='ocrx_word' id='word_1_138' title='bbox 220 3184 347 3257; x_wconf 83' lang='lat' dir='ltr'>partubus</span> <span class='ocrx_word' id='word_1_139' title='bbox 375 3187 548 3257; x_wconf 83' lang='lat' dir='ltr'>tempestivis.</span> <span class='ocrx_word' id='word_1_140' title='bbox 578 3185 651 3240; x_wconf 72' lang='lat' dir='ltr'>vide</span> <span class='ocrx_word' id='word_1_141' title='bbox 687 3181 1143 3257; x_wconf 86' lang='lat' dir='ltr'>continetcentumannos)cantus</span> <span class='ocrx_word' id='word_1_142' title='bbox 1154 3182 1254 3236; x_wconf 79' lang='lat' dir='ltr'>referat</span> 
     </span>
     <span class='ocr_line' id='line_1_26' title="bbox 88 3266 1256 3341; baseline -0.003 -18"><span class='ocrx_word' id='word_1_143' title='bbox 88 3268 151 3324; x_wconf 85' lang='lat' dir='ltr'>Ode</span> <span class='ocrx_word' id='word_1_144' title='bbox 162 3288 231 3322; x_wconf 83' lang='lat' dir='ltr'>xxu.</span> <span class='ocrx_word' id='word_1_145' title='bbox 241 3267 289 3323; x_wconf 85' lang='lat' dir='ltr'><strong>lib.</strong></span> <span class='ocrx_word' id='word_1_146' title='bbox 301 3289 342 3338; x_wconf 81' lang='lat'><em>¹¹¹.-</em></span> <span class='ocrx_word' id='word_1_147' title='bbox 360 3269 390 3323; x_wconf 81' lang='lat'>15</span> <span class='ocrx_word' id='word_1_148' title='bbox 404 3269 466 3323; x_wconf 88' lang='lat' dir='ltr'>Sive</span> <span class='ocrx_word' id='word_1_149' title='bbox 477 3268 552 3341; x_wconf 80' lang='lat' dir='ltr'>eligis</span> <span class='ocrx_word' id='word_1_150' title='bbox 562 3272 652 3323; x_wconf 86' lang='lat' dir='ltr'>vocari</span> <span class='ocrx_word' id='word_1_151' title='bbox 688 3285 716 3325; x_wconf 88' lang='lat' dir='ltr'>et</span> <span class='ocrx_word' id='word_1_152' title='bbox 734 3268 812 3322; x_wconf 86' lang='lat' dir='ltr'>ludos</span> <span class='ocrx_word' id='word_1_153' title='bbox 825 3266 972 3324; x_wconf 80' lang='lat' dir='ltr'>saeculares.</span> <span class='ocrx_word' id='word_1_154' title='bbox 994 3284 1031 3341; x_wconf 68' lang='lat' dir='ltr'>no</span> <span class='ocrx_word' id='word_1_155' title='bbox 1044 3266 1100 3321; x_wconf 82' lang='lat' dir='ltr'>Ter</span> <span class='ocrx_word' id='word_1_156' title='bbox 1120 3267 1151 3318; x_wconf 94' lang='lat' dir='ltr'>in</span> <span class='ocrx_word' id='word_1_157' title='bbox 1169 3266 1256 3320; x_wconf 79' lang='lat' dir='ltr'>ternis</span> 
     </span>
     <span class='ocr_line' id='line_1_27' title="bbox 88 3348 1127 3425; baseline -0.001 -21"><span class='ocrx_word' id='word_1_158' title='bbox 88 3353 211 3418; x_wconf 82' lang='lat' dir='ltr'>Lucina,</span> <span class='ocrx_word' id='word_1_159' title='bbox 224 3353 287 3424; x_wconf 89' lang='lat' dir='ltr'>quia</span> <span class='ocrx_word' id='word_1_160' title='bbox 300 3371 379 3425; x_wconf 87' lang='lat' dir='ltr'>opem</span> <span class='ocrx_word' id='word_1_161' title='bbox 393 3351 446 3407; x_wconf 86' lang='lat' dir='ltr'>fers</span> <span class='ocrx_word' id='word_1_162' title='bbox 461 3352 608 3406; x_wconf 85' lang='lat' dir='ltr'>infantibus</span> <span class='ocrx_word' id='word_1_163' title='bbox 619 3353 653 3424; x_wconf 74' lang='lat' dir='ltr'>in</span> <span class='ocrx_word' id='word_1_164' title='bbox 688 3351 801 3418; x_wconf 83' lang='lat' dir='ltr'>diebus,</span> <span class='ocrx_word' id='word_1_165' title='bbox 815 3349 980 3425; x_wconf 84' lang='lat' dir='ltr'>totidemque</span> <span class='ocrx_word' id='word_1_166' title='bbox 992 3348 1127 3404; x_wconf 74' lang='lat' dir='ltr'>noctibus.</span> 
     </span>
     <span class='ocr_line' id='line_1_28' title="bbox 87 3431 1257 3508; baseline -0.007 -19"><span class='ocrx_word' id='word_1_167' title='bbox 87 3434 181 3489; x_wconf 85' lang='lat' dir='ltr'>lucem</span> <span class='ocrx_word' id='word_1_168' title='bbox 201 3434 403 3508; x_wconf 83' lang='lat' dir='ltr'>prodeuntibus.</span> <span class='ocrx_word' id='word_1_169' title='bbox 437 3436 469 3489; x_wconf 82' lang='lat'>16</span> <span class='ocrx_word' id='word_1_170' title='bbox 493 3436 546 3489; x_wconf 85' lang='lat' dir='ltr'>Seu</span> <span class='ocrx_word' id='word_1_171' title='bbox 567 3438 653 3489; x_wconf 89' lang='lat' dir='ltr'>mavis</span> <span class='ocrx_word' id='word_1_172' title='bbox 725 3451 756 3487; x_wconf 82' lang='lat'>21</span> <span class='ocrx_word' id='word_1_173' title='bbox 769 3434 806 3489; x_wconf 87' lang='lat' dir='ltr'>Et</span> <span class='ocrx_word' id='word_1_174' title='bbox 815 3453 861 3488; x_wconf 87' lang='lat' dir='ltr'>vos</span> <span class='ocrx_word' id='word_1_175' title='bbox 867 3434 1060 3507; x_wconf 78' lang='lat' dir='ltr'>,Patcae,quae</span> <span class='ocrx_word' id='word_1_176' title='bbox 1071 3450 1178 3487; x_wconf 85' lang='lat' dir='ltr'>veraces</span> <span class='ocrx_word' id='word_1_177' title='bbox 1189 3431 1257 3484; x_wconf 86' lang='lat' dir='ltr'>estis-</span> 
     </span>
     <span class='ocr_line' id='line_1_29' title="bbox 89 3509 1256 3593; baseline -0.009 -20"><span class='ocrx_word' id='word_1_178' title='bbox 89 3519 182 3573; x_wconf 81' lang='lat' dir='ltr'>vocari</span> <span class='ocrx_word' id='word_1_179' title='bbox 208 3519 286 3572; x_wconf 84' lang='lat' dir='ltr'>Luna</span> <span class='ocrx_word' id='word_1_180' title='bbox 308 3518 343 3571; x_wconf 88' lang='lat' dir='ltr'>ad</span> <span class='ocrx_word' id='word_1_181' title='bbox 364 3516 528 3593; x_wconf 83' lang='lat' dir='ltr'>gignendum</span> <span class='ocrx_word' id='word_1_182' title='bbox 550 3518 651 3573; x_wconf 87' lang='lat' dir='ltr'>valens.</span> <span class='ocrx_word' id='word_1_183' title='bbox 688 3520 786 3584; x_wconf 89' lang='lat' dir='ltr'>iniis,</span> <span class='ocrx_word' id='word_1_184' title='bbox 805 3537 864 3591; x_wconf 83' lang='lat' dir='ltr'>quse</span> <span class='ocrx_word' id='word_1_185' title='bbox 884 3518 1038 3582; x_wconf 82' lang='lat' dir='ltr'>cecinistis,</span> <span class='ocrx_word' id='word_1_186' title='bbox 1058 3516 1161 3589; x_wconf 81' lang='lat' dir='ltr'>jungite</span> <span class='ocrx_word' id='word_1_187' title='bbox 1181 3509 1256 3564; x_wconf 83' lang='lat' dir='ltr'>bone</span> 
     </span>
     <span class='ocr_line' id='line_1_30' title="bbox 91 3591 1258 3678; baseline -0.009 -23"><span class='ocrx_word' id='word_1_188' title='bbox 91 3602 166 3655; x_wconf 89' lang='lat' dir='ltr'>Nam</span> <span class='ocrx_word' id='word_1_189' title='bbox 185 3599 267 3654; x_wconf 86' lang='lat' dir='ltr'>veluti</span> <span class='ocrx_word' id='word_1_190' title='bbox 291 3600 361 3656; x_wconf 86' lang='lat' dir='ltr'>Solis</span> <span class='ocrx_word' id='word_1_191' title='bbox 381 3601 454 3678; x_wconf 77' lang='lat' dir='ltr'>calor</span> <span class='ocrx_word' id='word_1_192' title='bbox 476 3603 594 3669; x_wconf 89' lang='lat' dir='ltr'>animat,</span> <span class='ocrx_word' id='word_1_193' title='bbox 614 3605 653 3660; x_wconf 83' lang='lat' dir='ltr'>sio</span> <span class='ocrx_word' id='word_1_194' title='bbox 688 3600 743 3655; x_wconf 75' lang='lat' dir='ltr'>iata</span> <span class='ocrx_word' id='word_1_195' title='bbox 763 3600 824 3653; x_wconf 84' lang='lat' dir='ltr'>fatis</span> <span class='ocrx_word' id='word_1_196' title='bbox 845 3602 899 3671; x_wconf 86' lang='lat' dir='ltr'>jam</span> <span class='ocrx_word' id='word_1_197' title='bbox 919 3601 1084 3666; x_wconf 85' lang='lat' dir='ltr'>transactis,</span> <span class='ocrx_word' id='word_1_198' title='bbox 1108 3612 1136 3650; x_wconf 91' lang='lat' dir='ltr'>et</span> <span class='ocrx_word' id='word_1_199' title='bbox 1151 3591 1258 3646; x_wconf 84' lang='lat' dir='ltr'>stabilis</span> 
     </span>
     <span class='ocr_line' id='line_1_31' title="bbox 91 3675 1256 3757; baseline -0.009 -20"><span class='ocrx_word' id='word_1_200' title='bbox 91 3682 191 3737; x_wconf 83' lang='lat' dir='ltr'>humor</span> <span class='ocrx_word' id='word_1_201' title='bbox 209 3687 293 3739; x_wconf 77' lang='lat' dir='ltr'>Lunae</span> <span class='ocrx_word' id='word_1_202' title='bbox 313 3687 399 3738; x_wconf 86' lang='lat' dir='ltr'>nutrit</span> <span class='ocrx_word' id='word_1_203' title='bbox 418 3700 445 3738; x_wconf 88' lang='lat' dir='ltr'>et</span> <span class='ocrx_word' id='word_1_204' title='bbox 462 3686 555 3757; x_wconf 82' lang='lat' dir='ltr'>gignit.</span> <span class='ocrx_word' id='word_1_205' title='bbox 577 3703 607 3756; x_wconf 87' lang='lat'>¹7</span> <span class='ocrx_word' id='word_1_206' title='bbox 627 3683 653 3738; x_wconf 95' lang='grc' dir='ltr'>Ο</span> <span class='ocrx_word' id='word_1_207' title='bbox 689 3675 1256 3754; x_wconf 68' lang='lat' dir='ltr'>rerumterminusidservet,quodsemela</span> 
     </span>
     <span class='ocr_line' id='line_1_32' title="bbox 91 3763 1256 3841; baseline -0.006 -22"><span class='ocrx_word' id='word_1_208' title='bbox 91 3767 184 3831; x_wconf 87' lang='lat' dir='ltr'>Diva,</span> <span class='ocrx_word' id='word_1_209' title='bbox 199 3783 225 3821; x_wconf 89' lang='lat' dir='ltr'>te</span> <span class='ocrx_word' id='word_1_210' title='bbox 234 3787 355 3841; x_wconf 81' lang='lat' dir='ltr'>rogamus</span> <span class='ocrx_word' id='word_1_211' title='bbox 366 3808 374 3833; x_wconf 93' lang='lat'>,</span> <span class='ocrx_word' id='word_1_212' title='bbox 385 3783 415 3821; x_wconf 91' lang='lat' dir='ltr'>ut</span> <span class='ocrx_word' id='word_1_213' title='bbox 423 3766 554 3841; x_wconf 85' lang='lat' dir='ltr'>producas</span> <span class='ocrx_word' id='word_1_214' title='bbox 569 3766 654 3820; x_wconf 91' lang='lat' dir='ltr'>sobo·</span> <span class='ocrx_word' id='word_1_215' title='bbox 690 3763 923 3819; x_wconf 83' lang='lat' dir='ltr'>vobisdictumest</span> <span class='ocrx_word' id='word_1_216' title='bbox 933 3806 942 3831; x_wconf 92' lang='lat'>,</span> <span class='ocrx_word' id='word_1_217' title='bbox 952 3784 1050 3838; x_wconf 84' lang='lat' dir='ltr'>nempe</span> <span class='ocrx_word' id='word_1_218' title='bbox 1062 3776 1092 3815; x_wconf 91' lang='lat' dir='ltr'>ut</span> <span class='ocrx_word' id='word_1_219' title='bbox 1101 3763 1256 3813; x_wconf 79' lang='lat' dir='ltr'>Romanum</span> 
     </span>
     <span class='ocr_line' id='line_1_33' title="bbox 92 3846 1254 3925; baseline -0.01 -23"><span class='ocrx_word' id='word_1_220' title='bbox 92 3846 149 3902; x_wconf 84' lang='lat' dir='ltr'>lem</span> <span class='ocrx_word' id='word_1_221' title='bbox 164 3849 328 3915; x_wconf 82' lang='lat' dir='ltr'>Romanam,</span> <span class='ocrx_word' id='word_1_222' title='bbox 348 3866 428 3925; x_wconf 89' lang='lat' dir='ltr'>utque</span> <span class='ocrx_word' id='word_1_223' title='bbox 447 3869 584 3925; x_wconf 84' lang='lat' dir='ltr'>prosperes</span> <span class='ocrx_word' id='word_1_224' title='bbox 601 3849 654 3903; x_wconf 89' lang='lat' dir='ltr'>Se·</span> <span class='ocrx_word' id='word_1_225' title='bbox 689 3850 833 3923; x_wconf 88' lang='lat' dir='ltr'>imperium</span> <span class='ocrx_word' id='word_1_226' title='bbox 847 3863 1004 3922; x_wconf 84' lang='lat' dir='ltr'>permaneat</span> <span class='ocrx_word' id='word_1_227' title='bbox 1024 3850 1054 3900; x_wconf 89' lang='lat' dir='ltr'>in</span> <span class='ocrx_word' id='word_1_228' title='bbox 1075 3854 1254 3916; x_wconf 87' lang='lat' dir='ltr'>perpetuum,</span> 
     </span>
     <span class='ocr_line' id='line_1_34' title="bbox 93 3920 1257 4007; baseline -0.003 -26"><span class='ocrx_word' id='word_1_229' title='bbox 93 3945 173 3984; x_wconf 88' lang='lat' dir='ltr'>natus</span> <span class='ocrx_word' id='word_1_230' title='bbox 181 3932 303 3986; x_wconf 83' lang='lat' dir='ltr'>consulta</span> <span class='ocrx_word' id='word_1_231' title='bbox 311 3947 388 4006; x_wconf 83' lang='lat' dir='ltr'>super</span> <span class='ocrx_word' id='word_1_232' title='bbox 395 3934 655 3988; x_wconf 66' lang='lat' dir='ltr'>foeminis&#39;inmatri-</span> <span class='ocrx_word' id='word_1_233' title='bbox 689 3934 766 4006; x_wconf 82' lang='lat' dir='ltr'>juxta</span> <span class='ocrx_word' id='word_1_234' title='bbox 779 3931 846 3986; x_wconf 85' lang='lat' dir='ltr'>illud</span> <span class='ocrx_word' id='word_1_235' title='bbox 861 3935 939 4007; x_wconf 57' lang='lat' dir='ltr'>Virg,</span> <span class='ocrx_word' id='word_1_236' title='bbox 957 3934 1108 4003; x_wconf 77' lang='lat' dir='ltr'>Imperium</span> <span class='ocrx_word' id='word_1_237' title='bbox 1120 3930 1182 3981; x_wconf 76' lang='lat' dir='ltr'>sine</span> <span class='ocrx_word' id='word_1_238' title='bbox 1190 3920 1257 3996; x_wconf 78' lang='lat' dir='ltr'>fine</span> 
     </span>
     <span class='ocr_line' id='line_1_35' title="bbox 95 4014 852 4093; baseline 0.004 -28"><span class='ocrx_word' id='word_1_239' title='bbox 95 4017 190 4069; x_wconf 85' lang='lat' dir='ltr'>monio</span> <span class='ocrx_word' id='word_1_240' title='bbox 218 4014 407 4091; x_wconf 80' lang='lat' dir='ltr'>collocandis,</span> <span class='ocrx_word' id='word_1_241' title='bbox 436 4032 464 4076; x_wconf 89' lang='lat' dir='ltr'>et</span> <span class='ocrx_word' id='word_1_242' title='bbox 489 4035 568 4093; x_wconf 78' lang='lat' dir='ltr'>super</span> <span class='ocrx_word' id='word_1_243' title='bbox 582 4016 656 4092; x_wconf 71' lang='lat' dir='ltr'>&#39;lege</span> <span class='ocrx_word' id='word_1_244' title='bbox 691 4016 777 4090; x_wconf 74' lang='lat' dir='ltr'>dedi,</span> <span class='ocrx_word' id='word_1_245' title='bbox 797 4030 852 4091; x_wconf 59' lang='lat' dir='ltr'>erc²</span> 
     </span>
    </p>
   </div>
   <div class='ocr_carea' id='block_1_4' title="bbox 0 0 1457 4750">
    <p class='ocr_par' dir='ltr' id='par_1_4' title="bbox 0 0 1457 4750">
     <span class='ocr_line' id='line_1_36' title="bbox 0 0 1457 4750; baseline 0 0"><span class='ocrx_word' id='word_1_246' title='bbox 0 0 1457 4750; x_wconf 95' lang='lat' dir='ltr'> </span> 
     </span>
    </p>
   </div>
  </div>
 </body>
</html>
