2842 4750
223 365 293 441 mo
481 412 541 421 --
615 363 652 457 o
706 370 1019 443 nonern,

316 483 526 570 Puhiic'um
549 493 715 586 ludum,
743 521 858 597 super
883 495 1087 598 impetrato
1194 553 1196 557 -

316 620 348 694 F
350 617 440 695 ortis
462 618 631 719 Augusti
658 617 813 709 reditu,
842 617 1046 721 forumque

469 740 503 805 34
525 738 681 815 Litibus
704 739 852 818 orbum.

316 864 350 915 3⁵
376 867 479 940 Tum
503 891 601 938 meae
623 862 687 962 (si
714 863 811 967 quid
832 864 969 968 loquar
993 865 1265 969 audiendum)

318 988 438 1065 Vocis
461 989 624 1063 accedet
648 987 750 1064 bona
776 1017 886 1094 pers3
914 1006 979 1081 et,
1005 997 1029 1066 d
1051 989 1114 1065 Sol

317 1109 512 1187 Pulcher!
540 1109 805 1188 claudendo!
836 1137 1000 1204 canem,
1026 1128 1182 1216 recepto

242 1342 245 1345 Ι
468 1239 501 1289 3⁶
526 1241 702 1331 Caesare,
728 1239 835 1317 felix.
1056 1324 1058 1329 ³

221 1452 223 1455 v
318 1366 352 1431 37
376 1368 516 1468 Tuque
540 1367 635 1441 dum
659 1368 857 1468 procedis,
879 1369 923 1443 Io
945 1365 1172 1470 triumphe!

318 1495 408 1569 Nou
431 1493 548 1568 semel
573 1493 772 1585 dicemus,
799 1497 841 1569 Io
865 1493 1088 1597 triumphe!

319 1621 470 1699 Civitas
492 1622 642 1713 omnis,
669 1621 927 1727 dabimusque
952 1620 1067 1699 Divis

300 1771 304 1776 ·
401 1806 403 1808 v
473 1744 609 1820 Thura
634 1745 668 1796 38
694 1744 885 1849 benignis,
1101 1740 1105 1745 ¹

321 1870 355 1938 39
380 1872 437 1944 Te
460 1868 596 1943 decem
619 1869 746 1959 tauri,
771 1869 1012 1973 totidemque
1035 1894 1193 1963 veccae,

320 2013 356 2064 4⁰
380 1999 448 2072 Me
474 2013 583 2072 tener
608 1996 730 2073 solvet
753 1996 924 2089 vitulus,
951 1998 1087 2073 relicte

321 2127 477 2217 Matre,
502 2124 570 2227 qui
594 2124 711 2227 largis
733 2139 765 2191 41
790 2122 1005 2224 juvenescit
1028 2114 1160 2202 herbis
1228 2133 1232 2137 ’

328 2252 330 2256 ’
469 2254 516 2328 Iu
538 2264 623 2329 mee
648 2270 771 2345 vota,

322 2391 358 2442 42
379 2378 519 2452 Fronte
543 2394 721 2454 curvatos
742 2379 917 2454 imitatus
939 2379 1049 2487 ignes
1072 2397 1074 2400 ’

322 2504 501 2580 Tertium
522 2505 644 2579 Lunae
666 2505 866 2581 referentis
889 2521 1041 2597 ortum,

323 2627 357 2692 43
380 2630 619 2727 Quanotum
641 2629 778 2723 duxit,
803 2629 942 2707 niveus
961 2646 996 2697 44
1019 2627 1172 2724 videri,

471 2755 504 2820 4⁵
526 2758 676 2832 Caetera
699 2757 840 2838 fulvus.

224 2877 658 2957 etpublicamcivitatielaetitiam,
671 2883 787 2956 proAu-
821 2877 1375 2956 remoldicemus:Io,lotriumphe!38Di·

200 2993 201 2996 ¹
223 2967 293 3038 gusti
308 2962 395 3018 reditu
411 2962 427 3015 ὲ
442 2964 660 3037 Diieimpetreto
676 2980 704 3019 et
719 2984 787 3019 con·
820 2968 860 3019 vis
874 2965 1026 3020 liberalibus
1035 2985 1096 3039 erga
1107 2985 1158 3019 noe
1166 2964 1238 3020 illius
1246 2964 1341 3019 reditu.

224 3069 308 3102 cereo.
327 3048 361 3115 54
374 3042 412 3102 'Et
427 3047 546 3107 cantabis
563 3047 648 3101 forum
666 3062 785 3102 conten·
857 3048 892 3121 59
911 3048 1074 3102 Liberahunt
1085 3064 1112 3101 te
1126 3048 1229 3114 dvcto,
1241 3066 1296 3121 quo
1307 3043 1374 3100 obli-

222 3132 341 3185 tionibus
355 3139 486 3198 vacuum,
504 3147 611 3205 propter
627 3132 724 3197 feries,
739 3150 785 3186 eeu
821 3133 889 3204 geris
900 3151 934 3185 ex
946 3131 1056 3185 Caesaris
1066 3130 1164 3185 reditu.
1178 3149 1213 3197 40
1226 3129 1310 3183 Perre
1323 3129 1376 3181 vic-

169 3288 171 3292 ⁴
222 3216 311 3288 potius
326 3222 433 3288 propter
447 3216 558 3271 Caesaris
576 3218 737 3293 nequitatem.
820 3216 886 3268 time
897 3255 905 3282 ,
918 3234 1017 3288 nempe
1029 3213 1154 3268 vitutus&
1167 3229 1270 3279 matre,
1282 3211 1312 3265 id
1324 3226 1376 3275 eet,

260 3298 293 3350 56
311 3298 384 3350 Tum
399 3318 494 3372 magna
511 3301 565 3353 mei
582 3302 709 3353 carminis
723 3318 786 3373 pare
820 3296 934 3351 dvacca
953 3297 1077 3370 depulsus
1097 3316 1142 3351 me
1159 3295 1244 3368 solvet
1262 3294 1378 3358 ductis,

222 3379 336 3434 addetur
357 3395 405 3432 tuo
422 3385 561 3453 poemati,
585 3385 606 3434 ei
627 3382 691 3455 quid
710 3381 783 3454 loqui
819 3375 1376 3452 quaep'roCeeeerieiucolumituteDiiefeci.

220 3483 329 3537 possum
343 3463 434 3516 auditu
449 3465 568 3537 dignum.
584 3466 618 3517 56
631 3468 667 3517 Et
678 3464 783 3518 Caeeure
820 3473 851 3529 4ι
873 3463 928 3533 Qui
944 3463 975 3517 fit
995 3463 1133 3537 juvencus.
1153 3473 1187 3531 4²
1207 3463 1264 3532 Qui
1281 3473 1378 3515 cernue

219 3544 376 3619 epericulis
391 3544 455 3598 belli
470 3563 576 3620 erepto,
591 3566 640 3619 ego
652 3546 744 3599 beatus
757 3560 784 3598 et
818 3545 901 3598 habet
918 3566 999 3619 parve
1022 3563 1050 3601 et
1071 3538 1158 3601 curva*
1173 3548 1256 3599 inetur
1266 3539 1379 3607 ‘Luem

218 3628 287 3683 felix
299 3628 358 3684 haec
376 3647 482 3682 canam.
501 3630 526 3683 Ο
546 3630 592 3683 Sol
605 3629 734 3703 pulcher,
755 3628 783 3682 id
818 3631 896 3684 tertio
918 3628 962 3685 die
984 3629 999 3682 d
1019 3650 1067 3692 suo
1087 3629 1237 3685 novilunio.
1263 3626 1299 3694 45
1318 3626 1377 3696 Qua

114 3773 117 3782 ¹
220 3710 784 3783 est,i>diespuleher,laudibusquecele-
816 3727 891 3784 parte
901 3711 1097 3779 notabatur,id
1107 3714 1203 3780 eet,ir1
1215 3710 1303 3763 fronte
1313 3726 1379 3762 cen-

218 3796 338 3863 hrende,
356 3815 408 3868 quo
425 3798 510 3850 victor
528 3796 616 3849 Caesar
628 3795 721 3847 urbem
735 3797 783 3847 in·
818 3793 976 3862 diduceret,
987 3794 1034 3850 sed
1045 3794 1133 3848 fultus
1145 3793 1248 3866 reliquo
1257 3806 1376 3864 corpote.

159 3935 164 3952 ί
219 3900 322 3952 gressus
333 3880 390 3932 est!
404 3880 436 3946 57
449 3878 519 3944 Alii,
529 3893 559 3930 ut
570 3879 716 3943 Heinsius,
728 3897 782 3930 vo·
817 3887 851 3945 44
865 3878 966 3931 Niveue
977 3876 1078 3943 videri,
1092 3876 1187 3933 Greeca
1198 3890 1239 3930 eet
1249 3867 1377 3947 loquendi

217 3962 278 4015 lunt
292 3983 298 4015 :
315 3963 421 4036 duxque
432 3962 496 4015 dum
508 3960 650 4035 procedit,
665 3976 717 4014 etc.
729 3963 789 4028 Et,
815 3961 897 4033 figure
905 3999 914 4025 ‚
924 3974 954 4014 ut
962 3975 1049 4015 certus
1058 3961 1152 4015 umeri.
1170 3958 1205 4027 45
1214 3953 1377 4029 PerSyuec-

218 4044 377 4119 dtriumphe
388 4085 397 4118 ,
410 4065 459 4101 uos
470 4044 483 4121 (
493 4048 580 4102 omnis
596 4043 711 4118 civitas)
724 4064 780 4100 non
816 4043 939 4115 docheu,
959 4042 988 4099 id
1001 4058 1057 4118 est,
1071 4043 1174 4100 habens
1186 4054 1283 4098 cutem
1294 4036 1376 4093 euve
