2842 4750
291 306 613 367 cunsttrtutu
664 312 774 366 utu.
826 314 884 367 11.

215 417 232 466 ⁸
253 417 489 519 Geryonen,
511 434 528 484 9
553 417 774 521 Tityonque
800 418 899 494 tristi

117 544 335 646 Compescit
360 561 392 597 10
416 545 550 638 unda,
577 545 728 622 scilicet
752 546 954 635 omnibus,

115 685 145 721 ¹¹
171 671 419 774 Quicumque
443 690 558 749 terrae
578 689 610 725 11
632 700 793 750 munere
821 674 1042 766 vescimur,

162 795 446 897 Enaviganda,
472 796 554 872 sive
579 824 713 899 reges,

214 917 304 994 Sive
333 918 463 1020 inopes
491 919 636 995 erimus
660 918 800 997 coloni.

116 1044 148 1095 ¹3
171 1044 328 1120 Frustra
353 1062 511 1122 cruento
536 1049 664 1121 Marte
690 1044 934 1147 carebimus,

112 1167 334 1270 Fraotisque
359 1169 468 1244 rauci
493 1168 675 1245 fluctibus
704 1186 738 1235 14
764 1172 949 1249 Hadriae:

161 1291 317 1366 Frustra
344 1320 411 1393 per
436 1291 468 1342 1⁵
491 1297 709 1369 Autumnus
734 1313 935 1369 nocentem

210 1418 441 1520 Corporibus
466 1436 679 1497 metuemus
709 1422 745 1471 1⁶
767 1400 953 1497 Austrum
972 1454 1000 1499 :-

114 1561 147 1612 17
171 1544 367 1624 Visendus
390 1564 473 1623 ater
499 1546 533 1597 ¹3
551 1546 929 1653 fluminelanguido

112 1686 145 1739 19
167 1674 335 1775 Cocytus
362 1700 516 1765 errans,
539 1690 574 1726 2⁰
600 1693 639 1750 et
659 1676 790 1751 Danai
817 1704 938 1780 genus
964 1772 968 1779 .

159 1801 312 1877 Infame
330 1859 342 1892 ‚
367 1800 659 1906 damnatusque
674 1803 780 1907 longi

208 1941 241 1976 11
267 1925 454 2030 Sisyphus
477 1928 648 2005 AEolides
671 1928 826 2026 laboris.
863 1992 867 1997 .

108 2047 341 2153 Linquenda
368 2051 506 2146 tellus,
532 2070 570 2128 et
590 2054 752 2145 domus,
777 2071 814 2130 et
837 2053 994 2157 placens

1 2170 2 2209 ³
109 2179 240 2254 Uxor:
258 2195 293 2229 11
308 2184 436 2282 ireque
455 2179 620 2273 barum,
638 2182 671 2231 ²3
690 2208 787 2282 quas
804 2182 916 2273 coiis,
934 2181 1140 2274 arborum,

53 2305 227 2382 SGeryonem
238 2307 432 2362 trimembrem.
443 2310 504 2361 Fuit
515 2307 573 2362 Ge-
609 2310 677 2362 citat
688 2308 750 2362 Gal.
766 2309 883 2383 quinque
893 2307 1114 2380 ,qusm'co'ni'ule
1126 2308 1139 2383 (
1148 2310 1172 2360 si

24 2407 78 2462 tyou
97 2394 155 2445 Rex
172 2392 333 2465 Hispania,
354 2394 399 2465 qui
419 2391 453 2446 ob
473 2391 574 2468 triplex
608 2392 717 2466 placet)
732 2396 762 2447 in
778 2392 907 2446 eumdem
921 2390 1023 2463 Aphor.
1042 2391 1176 2445 16Austr'r

25 2492 120 2546 reguum
130 2494 241 2549 corpore
251 2475 385 2547 triplicato
394 2473 572 2530 fermrcons'-
608 2473 730 2531 auditum
748 2474 896 2542 hebetant,
915 2473 1058 2547 caliginem
1077 2474 1171 2528 offun-

2 2595 3 2628 ;
24 2557 102 2612 titisse.
120 2558 204 2611 Hunc
219 2557 351 2611 Hercules
365 2557 501 2612 interfecit
515 2559 571 2612 iso-
608 2559 691 2627 dunt‚
707 2573 786 2633 caput
800 2565 909 2631 gravam
918 2597 930 2625 ,
939 2555 1094 2612 tarditatem
1104 2576 1171 2611 mo-

2 2631 3 2686 }
24 2655 60 2691 ses
75 2660 133 2693 suos
152 2639 336 2695 suffurantem.
360 2660 378 2712 9
394 2641 468 2693 Jovis
486 2638 574 2694 filium
608 2657 696 2696 tusae
717 2642 872 2715 languorem
888 2640 1040 2709 inducunt,
1059 2641 1122 2695 Gal.
1139 2643 1171 2695 in

25 2740 51 2775 er
63 2722 158 2790 Biora,
174 2724 250 2795 cujus
267 2724 386 2795 corporis
401 2722 571 2795 magnitudi-
606 2744 623 2777 v
634 2724 734 2798 Aphor.
753 2723 802 2794 nb.
824 2745 865 2777 nr.
889 2743 919 2796 ¹7
937 2723 1013 2778 Ordo
1031 2721 1092 2777 es't:
1112 2740 1170 2778 ater

24 2824 74 2858 nem
84 2807 173 2860 Poste
183 2804 309 2859 dixerunt
321 2804 401 2859 fuisse
412 2824 513 2859 novem
523 2808 571 2878 ju-
607 2806 724 2879 Cocytus
742 2807 852 2861 flumina
874 2804 1002 2880 languido
1018 2811 1057 2859 eit
1074 2808 1169 2860 visen-

24 2907 109 2958 gemm.
123 2907 155 2942 ιο
165 2886 257 2960 Stygia
264 2885 362 2960 palude
372 2887 497 2941 omnibus
509 2908 571 2942 cum
607 2885 656 2941 dus
667 2928 674 2955 ,
685 2878 716 2941 id'
729 2904 785 2954 est,
799 2890 969 2943 moriendum
984 2904 1033 2942 est.
1051 2890 1082 2941 18
1094 2892 1171 2962 Aqua

24 2969 144 3025 Charonte
157 2969 322 3043 enavigando
333 3009 341 3034 ‚
352 2972 418 3042 quia
425 2989 496 3022 mors
506 2990 571 3023 om·
605 2973 678 3044 pigre
698 2971 798 3026 fluente
816 2987 923 3045 propter
941 2968 997 3043 ejus
1012 2972 1168 3025 crassitiem.

3 3057 4 3132 i
24 3051 86 3107 nibus
96 3054 263 3112 communis,
276 3074 304 3104 ιι
317 3054 488 3124 Quicumque
501 3054 574 3106 vivi·
611 3073 641 3124 ¹9
657 3054 774 3127 Cocytus
788 3068 828 3110 est
846 3054 941 3106 fluvius
955 3052 1102 3120 flexuosus,
1119 3057 1169 3107 in-

24 3150 78 3190 uus.
99 3157 131 3191 ss
149 3137 240 3189 Terras
259 3136 355 3190 fructu.
605 3135 714 3187 seruulis
727 3176 741 3199 ,,
761 3137 775 3187 ὲ
801 3134 880 3206 Styge
907 3131 1051 3188 derivatus.
1075 3153 1109 3187 20
1133 3138 1171 3191 Et
1226 3145 1229 3150 “

51 3220 208 3284 ιῖιῈηιοῑτα,
219 3219 262 3273 vel
271 3220 343 3286 hoc,
363 3218 406 3273 vel
416 3218 485 3272 sslud
494 3222 570 3294 peri·
607 3219 695 3270 Danai
715 3217 774 3273 fiiise
791 3217 923 3279 infames,
939 3215 1010 3289 quoii
1024 3237 1077 3271 una
1088 3236 1172 3277 nocte

24 3299 96 3355 tutum
118 3302 261 3356 vitabimus
281 3302 316 3356 ad
334 3305 416 3355 vitam
436 3302 482 3356 diu
501 3321 569 3377 pro·
605 3299 1172 3372 patrisjussumaritossuasinterfecerint.·

4 3380 177 3454 iucundam,
192 3385 409 3460 quandoquidem
428 3381 586 3459 inopinatov
603 3402 635 3437 21
664 3382 793 3456 Sisyphus
820 3380 901 3435 AEoli
923 3381 993 3436 filius
1019 3385 1070 3437 sic·
1087 3377 1171 3440 dam'-

4 3455 5 3496 i
23 3470 99 3520 nortis
113 3487 211 3542 genere
222 3469 301 3522 nobis
313 3469 423 3523 fortasse
439 3472 489 3522 erit
503 3488 567 3521 mo·
602 3481 699 3533 uatus,
720 3482 749 3519 ut
765 3465 880 3538 longum
893 3463 1012 3542 laborem
1029 3487 1169 3541 nunquam

4 3603 5 3616 χ
22 3550 140 3605 tiendum.
160 3551 316 3619 14Hadriae
336 3554 425 3605 sonori
447 3567 474 3604 et
491 3566 566 3605 tem·
600 3549 702 3604 finiret

22 3636 120 3702 protrusi
148 3638 239 3689 maris.
266 3636 378 3689 Ponitur
405 3632 508 3688 Hadria
537 3637 568 3687 in
639 3653 673 3687 22
685 3632 766 3686 Ordo.
778 3648 832 3686 est:
849 3652 937 3707 neque
947 3631 1002 3685 ulla
1012 3632 1107 3686 harum
1118 3652 1167 3685 ar-

22 3731 89 3771 masc.
100 3738 212 3792 genere,
222 3735 252 3772 ut
261 3737 339 3792 supra
348 3717 408 3772 Ode
418 3737 457 3771 χι.
473 3716 569 3770 15Au-
602 3717 713 3782 borum,
724 3735 788 3789 quas
797 3715 878 3784 colis,
889 3730 1012 3789 sequetur
1021 3730 1047 3768 te
1057 3716 1167 3769 brevem

23 3810 102 3853 minuo
111 3841 124 3868 g
136 3802 226 3874 inquit
237 3802 392 3876 Hippocrat.
407 3800 507 3872 Apbor.
524 3820 573 3867 rx,
608 3798 764 3865 dominum,
779 3797 808 3852 id
819 3791 874 3865 asi,
887 3815 914 3853 te
926 3799 1002 3851 brevi
1016 3799 1167 3863 victurum,

23 3875 60 3934 lib.
72 3903 112 3936 ru.
136 3883 223 3937 morbi
240 3898 302 3937 sunt
325 3885 476 3938 acutissimi
494 3898 572 3956 atque
607 3897 702 3955 praeter
711 3902 848 3954 cupressos
858 3884 970 3946 invisas,
980 3878 1009 3930 id
1019 3893 1074 3939 est,
1087 3875 1174 3932 fune-.

24 3964 131 4021 exitiales
159 3966 279 4019 maxima
305 3984 342 4021 ex
365 3980 449 4041 parte.
474 3965 573 4020 Causas
607 3964 668 4020 bres
674 3964 889 4037 ,etProserpiuae
897 3972 1073 4016 consecratas.
1083 3958 1117 4011 25
1129 3961 1172 4016 Ad
