2842 4750
375 346 618 415 cronon
670 356 869 416 ntnrn.
1123 340 1203 422 assi

137 499 241 601 Quid
257 499 426 604 proderit
444 501 582 578 ditaisse
599 517 629 552 1¹
650 501 840 606 Pelignus·
850 514 945 578 anus
959 558 973 592 ,

137 630 372 709 Velociusve
395 630 592 706 miscuisse
616 645 649 682 11
672 631 874 723 toxicum,

135 758 170 813 ¹3
193 759 232 836 Si
251 759 426 837 ‘tardiora
447 759 528 834 fata
552 775 590 835 te
609 759 709 836 stitis
731 766 924 836 manent?

136 869 293 986 Ingrata
315 899 349 950 14
370 883 510 962 misero
531 884 615 964 vita
638 885 818 961 ducenda
840 899 896 961 est
917 882 961 958 in
981 878 1082 972 hoc,

133 1011 169 1065 15
186 1010 308 1088 Novis
324 1027 505 1115 utusque
525 1029 703 1115 suppetas
725 1006 936 1090 doloribus.

135 1135 257 1238 Optat
273 1134 447 1237 quietem
463 1134 615 1239 Pelopis
632 1139 664 1187 ¹⁶
681 1135 823 1211 infidus
839 1152 975 1237 pater,
1048 1179 1052 1191 =

134 1275 169 1328 17
190 1263 317 1363 Egens
335 1260 519 1365 benignae
540 1261 731 1340 Tantalus
752 1289 903 1364 semper
923 1260 1062 1368 dapis„

135 1386 257 1487 Optat
273 1386 529 1485 Prometheus
545 1383 740 1489 obligatus
757 1387 790 1437 1⁸
808 1385 893 1463 aliti
908 1445 924 1480 s

100 1535 102 1539 ·
133 1511 256 1611 Optat
278 1536 458 1613 supremo
478 1509 666 1586 collocare
688 1509 875 1615 Sisyphus

131 1636 181 1711 In
202 1652 331 1711 monte
355 1663 519 1731 saxum;
548 1637 614 1714 sed
636 1654 770 1714 vetant
792 1638 896 1742 leges
916 1636 1042 1716 Jovist

128 1773 168 1825 19
184 1757 304 1838 Voles
319 1760 435 1836 modo
450 1760 539 1837 altis
556 1761 712 1837 desilire
734 1761 904 1867 turribus
920 1822 931 1856 ,

131 1883 256 1961 Modo
282 1911 370 1967 ense
392 1903 528 1993 pectus
548 1901 583 1939 20
603 1886 747 1964 Norico
767 1888 999 1980 recludere,

131 2027 165 2070 11
192 2012 427 2116 Frustraque
451 2014 584 2091 vincla
609 1998 908 2120 gutturinectes
928 2032 1025 2109 tuo2

131 2152 169 2191 11
186 2138 400 2218 Fastidiose
418 2143 534 2223 tristis
551 2144 789 2247 agrimonia.

49 2285 51 2289 ’
130 2265 336 2347 Vectabor
355 2269 388 2321 ²³
411 2269 583 2347 humeris
606 2287 700 2348 tuno
721 2300 792 2377 ego
813 2272 983 2350 inimicis
1002 2298 1118 2377 eques
1131 2328 1150 2364 ,,

128 2396 317 2500 Meaeque
338 2413 441 2506 terra
464 2400 577 2475 cedet
597 2400 822 2478 insolentiae.

128 2522 228 2613 An,
254 2549 342 2623 quae
364 2549 523 2599 movere
547 2538 583 2589 ²4
606 2551 736 2599 cereas
760 2524 952 2627 imagines
963 2583 980 2617 ,,

130 2649 189 2725 Ut
210 2648 290 2752 ipse
310 2649 428 2724 nostri
454 2649 649 2743 curiosus,
675 2668 719 2752 et·
734 2653 768 2702 ²⁵
791 2651 881 2755 polo
976 2657 979 2662 ’

131 2775 326 2880 Decipere
346 2777 500 2854 Lunam
519 2780 554 2829 ²⁶
574 2777 740 2856 vocibus*
760 2808 912 2882 possum
934 2781 1063 2874 meis,

74 2995 103 3029 ιι
121 2976 196 3048 Quid
210 2939 328 3051 proderit
339 2979 424 3050 pretio
437 2978 596 3032 conduxisse
636 2999 666 3051 ¹7
676 2982 765 3055 Egens
776 2981 908 3036 affluentis
921 2981 1004 3054 dapis.
1022 2983 1054 3033 18
1067 2981 1199 3050 Quietem

42 3058 165 3114 ueneficas
186 3079 254 3113 anus
273 3058 419 3133 Pelignus?
436 3062 520 3114 Anus
539 3064 596 3115 Sa·
632 3079 706 3134 optat
729 3064 903 3118 Prometheus
925 3061 1023 3118 vulturi
1045 3062 1201 3119 firmissime-

41 3139 116 3195 iinas
130 3143 148 3196 ὰ
162 3145 283 3216 Peligno
298 3158 391 3200 moute
405 3149 448 3194 sic
464 3149 598 3195 nominu-
632 3142 738 3217 ligatus.

43 3234 91 3275 tas.
114 3227 278 3280 12Praesens
292 3243 427 3278 venenum
443 3225 598 3292 miscuisse,
672 3226 1077 3298 19Vide0dsnr.lib.r.M0do
1091 3230 1201 3304 optabis
1275 3284 1280 3292 ,

42 3311 161 3363 utstatim
169 3310 302 3363 moriaris.
316 3306 384 3362 1581
392 3305 507 3375 tardius,
516 3326 596 3382 quant
632 3308 815 3378 desilire,etc.
831 3330 865 3364 20
878 3312 993 3366 Noricus
1004 3315 1076 3365 ensis
1087 3316 1195 3386 ponitur

42 3405 125 3462 eptas,
139 3413 166 3447 es
180 3394 335 3450 moriturus.
630 3411 679 3465 pro
697 3395 791 3467 quouis
802 3413 875 3449 ense.
898 3391 968 3452 Vide
978 3393 1038 3448 Ode
1049 3414 1104 3449 xvi.
1116 3396 1164 3450 tib.
1173 3417 1193 3450 r.

76 3484 105 3541 ¹4
118 3476 181 3531 Tibi
194 3477 361 3532 miserov'tta
372 3474 545 3549 producenda
556 3491 597 3530 est
631 3491 661 3527 21
672 3476 792 3542 Frustra,
800 3478 863 3550 quia
872 3495 927 3529 non
934 3479 1064 3535 morieris.
1076 3478 1194 3536 arExis:

41 3557 67 3611 in
83 3557 153 3626 hoc,
171 3559 201 3613 id
220 3573 280 3626 est,
302 3574 409 3633 propter
427 3551 489 3613 hoc.
509 3560 540 3612 15
559 3561 597 3613 Ut
630 3572 690 3611 tens
703 3560 784 3612 tristis
797 3561 880 3617 animi
895 3558 1066 3633 egritudine,
1080 3578 1138 3633 quae
1151 3559 1195 3613 vi.-

41 3658 137 3715 semper
150 3642 264 3696 sufficias
278 3641 439 3697 cruciatibus
448 3662 534 3716 ,quos
547 3662 599 3714 ego
631 3653 687 3696 tam
698 3640 809 3696 fastidit.

40 3724 152 3795 qnotidie
166 3726 217 3781 tihi
231 3744 315 3779 noros
329 3724 438 3800 parabo.
666 3723 701 3779 23
715 3723 799 3797 Super
812 3724 936 3783 humeros
946 3742 1006 3781 tuos
1018 3722 1086 3779 mihi
1099 3724 1194 3780 inimi.-

76 3817 108 3871 ιθ
117 3819 248 3875 Tantalus
259 3823 380 3875 Deorum
392 3839 490 3873 arcana
502 3819 596 3893 vulga
631 3825 676 3861 00³
692 3826 742 3880 080
758 3823 823 3864 tuuc
840 3809 974 3883 equitabo.

40 3900 76 3952 sit
83 3919 266 3999 ,quapropter
276 3902 346 3976 apud
356 3902 474 3957 inferos¹
465 3921 496 3956 tn
505 3901 595 3956 media
668 3905 1070 3979 aaTanquarnvivasimagines
1078 3899 1198 3962 25coela

40 3996 123 4044 terunt
146 3988 225 4060 copta
246 3985 294 4049 siti
310 3999 446 4064 torquetur
466 4000 494 4042 et
514 3984 596 4046 fame
631 3984 764 4047 deducere
777 3989 879 4048 lunam,
890 3990 925 4047 26
936 3984 1105 4051 Carminibus
1115 4001 1201 4057 mersa
