<?xml version="1.0" encoding="UTF-8"?>
<!DOCTYPE html PUBLIC "-//W3C//DTD XHTML 1.0 Transitional//EN"
    "http://www.w3.org/TR/xhtml1/DTD/xhtml1-transitional.dtd">
<html xmlns="http://www.w3.org/1999/xhtml" xml:lang="en" lang="en">
 <head>
  <title>
</title>
<meta http-equiv="Content-Type" content="text/html;charset=utf-8" />
  <meta name='ocr-system' content='tesseract 3.04.00' />
  <meta name='ocr-capabilities' content='ocr_page ocr_carea ocr_par ocr_line ocrx_word'/>
</head>
<body>
  <div class='ocr_page' id='page_1' title='image "./quintushoratius01horagoog_0404.png"; bbox 0 0 2842 4750; ppageno 0'>
   <div class='ocr_carea' id='block_1_1' title="bbox 204 309 970 412">
    <p class='ocr_par' dir='ltr' id='par_1_1' title="bbox 204 309 970 412">
     <span class='ocr_line' id='line_1_1' title="bbox 204 309 970 412; baseline 0.007 -28"><span class='ocrx_word' id='word_1_1' title='bbox 204 309 280 407; x_wconf 81' lang='lat'>346</span> <span class='ocrx_word' id='word_1_2' title='bbox 600 332 639 403; x_wconf 83' lang='lat' dir='ltr'>o.</span> <span class='ocrx_word' id='word_1_3' title='bbox 692 310 970 412; x_wconf 58' lang='lat' dir='ltr'>acuarit</span> 
     </span>
    </p>
   </div>
   <div class='ocr_carea' id='block_1_2' title="bbox 145 464 1418 2585">
    <p class='ocr_par' dir='ltr' id='par_1_2' title="bbox 203 369 1412 574">
     <span class='ocr_line' id='line_1_2' title="bbox 203 464 1224 571; baseline 0.002 -29"><span class='ocrx_word' id='word_1_4' title='bbox 203 466 240 518; x_wconf 78' lang='lat'>3⁰</span> <span class='ocrx_word' id='word_1_5' title='bbox 256 464 444 543; x_wconf 88' lang='lat' dir='ltr'>Interiore</span> <span class='ocrx_word' id='word_1_6' title='bbox 462 464 569 544; x_wconf 87' lang='lat' dir='ltr'>diem</span> <span class='ocrx_word' id='word_1_7' title='bbox 587 493 681 571; x_wconf 79' lang='lat' dir='ltr'>gyro</span> <span class='ocrx_word' id='word_1_8' title='bbox 698 466 847 560; x_wconf 86' lang='lat' dir='ltr'>trabit,</span> <span class='ocrx_word' id='word_1_9' title='bbox 864 467 896 520; x_wconf 76' lang='lat'>3¹</span> <span class='ocrx_word' id='word_1_10' title='bbox 913 468 1144 546; x_wconf 81' lang='lat' dir='ltr'>irc-necesse</span> <span class='ocrx_word' id='word_1_11' title='bbox 1159 482 1224 545; x_wconf 83' lang='lat' dir='ltr'>est.</span> 
     </span>
    </p>

    <p class='ocr_par' dir='ltr' id='par_1_3' title="bbox 203 591 1412 706">
     <span class='ocr_line' id='line_1_3' title="bbox 203 591 1412 706; baseline -0.002 -37"><span class='ocrx_word' id='word_1_12' title='bbox 203 592 239 643; x_wconf 81' lang='lat'>³²</span> <span class='ocrx_word' id='word_1_13' title='bbox 256 594 345 669; x_wconf 89' lang='lat' dir='ltr'>Post</span> <span class='ocrx_word' id='word_1_14' title='bbox 361 591 476 706; x_wconf 78' lang='lat' dir='ltr'>ruodo</span> <span class='ocrx_word' id='word_1_15' title='bbox 490 650 502 687; x_wconf 89' lang='lat'>,</span> <span class='ocrx_word' id='word_1_16' title='bbox 519 594 624 697; x_wconf 92' lang='lat' dir='ltr'>quod</span> <span class='ocrx_word' id='word_1_17' title='bbox 641 596 697 669; x_wconf 76' lang='lat' dir='ltr'>mi</span> <span class='ocrx_word' id='word_1_18' title='bbox 713 591 838 686; x_wconf 90' lang='lat' dir='ltr'>obsit,</span> <span class='ocrx_word' id='word_1_19' title='bbox 854 592 957 669; x_wconf 88' lang='lat' dir='ltr'>clare</span> <span class='ocrx_word' id='word_1_20' title='bbox 972 610 1196 698; x_wconf 83' lang='lat' dir='ltr'>certumque</span> <span class='ocrx_word' id='word_1_21' title='bbox 1211 593 1364 687; x_wconf 80' lang='lat' dir='ltr'>locuto,</span> <span class='ocrx_word' id='word_1_22' title='bbox 1411 599 1412 666; x_wconf 71' lang='lat' dir='ltr'>t</span> 
     </span>
    </p>

    <p class='ocr_par' dir='ltr' id='par_1_4' title="bbox 203 701 1413 854">
     <span class='ocr_line' id='line_1_4' title="bbox 203 714 1348 813; baseline 0.004 -25"><span class='ocrx_word' id='word_1_23' title='bbox 203 714 450 791; x_wconf 84' lang='lat' dir='ltr'>Luctandum</span> <span class='ocrx_word' id='word_1_24' title='bbox 466 715 508 792; x_wconf 92' lang='lat' dir='ltr'>in</span> <span class='ocrx_word' id='word_1_25' title='bbox 527 714 640 791; x_wconf 89' lang='lat' dir='ltr'>turba</span> <span class='ocrx_word' id='word_1_26' title='bbox 657 716 866 792; x_wconf 78' lang='lat' dir='ltr'>:facienda</span> <span class='ocrx_word' id='word_1_27' title='bbox 883 714 1027 813; x_wconf 88' lang='lat' dir='ltr'>injuria</span> <span class='ocrx_word' id='word_1_28' title='bbox 1041 716 1073 768; x_wconf 78' lang='grc'>33</span> <span class='ocrx_word' id='word_1_29' title='bbox 1091 717 1221 795; x_wconf 87' lang='lat' dir='ltr'>tardis.</span> <span class='ocrx_word' id='word_1_30' title='bbox 1344 797 1348 803; x_wconf 86' lang='lat'><em>.</em></span> 
     </span>
    </p>

    <p class='ocr_par' dir='ltr' id='par_1_5' title="bbox 202 839 1349 948">
     <span class='ocr_line' id='line_1_5' title="bbox 202 839 1349 948; baseline 0.002 -32"><span class='ocrx_word' id='word_1_31' title='bbox 202 839 239 905; x_wconf 81' lang='grc'>34</span> <span class='ocrx_word' id='word_1_32' title='bbox 252 840 357 941; x_wconf 83' lang='lat' dir='ltr'><strong>Quid</strong></span> <span class='ocrx_word' id='word_1_33' title='bbox 374 841 458 935; x_wconf 88' lang='lat' dir='ltr'>vis,</span> <span class='ocrx_word' id='word_1_34' title='bbox 473 839 607 919; x_wconf 88' lang='lat' dir='ltr'>insane</span> <span class='ocrx_word' id='word_1_35' title='bbox 620 899 633 935; x_wconf 88' lang='lat'>,</span> <span class='ocrx_word' id='word_1_36' title='bbox 648 859 688 920; x_wconf 89' lang='lat' dir='ltr'>et</span> <span class='ocrx_word' id='word_1_37' title='bbox 704 869 801 948; x_wconf 87' lang='lat' dir='ltr'>quas</span> <span class='ocrx_word' id='word_1_38' title='bbox 817 870 877 919; x_wconf 84' lang='lat' dir='ltr'>res</span> <span class='ocrx_word' id='word_1_39' title='bbox 893 842 1002 945; x_wconf 80' lang='lat' dir='ltr'>agis?</span> <span class='ocrx_word' id='word_1_40' title='bbox 1025 842 1223 947; x_wconf 84' lang='lat' dir='ltr'>improbus</span> <span class='ocrx_word' id='word_1_41' title='bbox 1238 860 1349 948; x_wconf 84' lang='lat' dir='ltr'>urget</span> 
     </span>
    </p>

    <p class='ocr_par' dir='ltr' id='par_1_6' title="bbox 203 962 1267 1068">
     <span class='ocr_line' id='line_1_6' title="bbox 203 962 1267 1068; baseline 0.004 -30"><span class='ocrx_word' id='word_1_42' title='bbox 203 962 237 1013; x_wconf 76' lang='lat'>³5</span> <span class='ocrx_word' id='word_1_43' title='bbox 253 965 366 1041; x_wconf 88' lang='lat' dir='ltr'>Iratis</span> <span class='ocrx_word' id='word_1_44' title='bbox 381 964 570 1067; x_wconf 84' lang='lat' dir='ltr'>precibus.</span> <span class='ocrx_word' id='word_1_45' title='bbox 587 965 623 1018; x_wconf 81' lang='lat'>3⁶</span> <span class='ocrx_word' id='word_1_46' title='bbox 636 969 699 1043; x_wconf 88' lang='lat' dir='ltr'>Tu</span> <span class='ocrx_word' id='word_1_47' title='bbox 719 965 845 1068; x_wconf 85' lang='lat' dir='ltr'>pulses</span> <span class='ocrx_word' id='word_1_48' title='bbox 860 992 975 1043; x_wconf 86' lang='lat' dir='ltr'>omne</span> <span class='ocrx_word' id='word_1_49' title='bbox 993 966 1098 1068; x_wconf 88' lang='lat' dir='ltr'>quod</span> <span class='ocrx_word' id='word_1_50' title='bbox 1116 963 1267 1059; x_wconf 82' lang='lat' dir='ltr'>obstat,</span> 
     </span>
    </p>

    <p class='ocr_par' dir='ltr' id='par_1_7' title="bbox 202 1090 1179 1169">
     <span class='ocr_line' id='line_1_7' title="bbox 202 1090 1179 1169; baseline 0.001 -2"><span class='ocrx_word' id='word_1_51' title='bbox 202 1091 270 1167; x_wconf 89' lang='lat' dir='ltr'>Ad</span> <span class='ocrx_word' id='word_1_52' title='bbox 288 1093 548 1168; x_wconf 69' lang='lat' dir='ltr'>Maecenatem</span> <span class='ocrx_word' id='word_1_53' title='bbox 560 1091 595 1160; x_wconf 77' lang='lat'>37</span> <span class='ocrx_word' id='word_1_54' title='bbox 615 1090 780 1169; x_wconf 88' lang='lat' dir='ltr'>memori</span> <span class='ocrx_word' id='word_1_55' title='bbox 795 1091 827 1169; x_wconf 91' lang='lat' dir='ltr'>si</span> <span class='ocrx_word' id='word_1_56' title='bbox 844 1108 974 1167; x_wconf 87' lang='lat' dir='ltr'>mente</span> <span class='ocrx_word' id='word_1_57' title='bbox 992 1118 1179 1169; x_wconf 84' lang='lat' dir='ltr'><strong>recurras.</strong></span> 
     </span>
    </p>

    <p class='ocr_par' dir='ltr' id='par_1_8' title="bbox 202 1213 1414 1451">
     <span class='ocr_line' id='line_1_8' title="bbox 202 1213 1414 1318; baseline -0.004 -22"><span class='ocrx_word' id='word_1_58' title='bbox 202 1221 238 1273; x_wconf 70' lang='lat'>³³</span> <span class='ocrx_word' id='word_1_59' title='bbox 253 1222 339 1297; x_wconf 93' lang='lat' dir='ltr'>Hoc</span> <span class='ocrx_word' id='word_1_60' title='bbox 355 1221 490 1318; x_wconf 91' lang='lat' dir='ltr'>juvat,</span> <span class='ocrx_word' id='word_1_61' title='bbox 504 1236 543 1297; x_wconf 92' lang='lat' dir='ltr'>et</span> <span class='ocrx_word' id='word_1_62' title='bbox 557 1221 665 1298; x_wconf 87' lang='lat' dir='ltr'>melli</span> <span class='ocrx_word' id='word_1_63' title='bbox 682 1239 760 1314; x_wconf 88' lang='lat' dir='ltr'>est,</span> <span class='ocrx_word' id='word_1_64' title='bbox 779 1249 857 1298; x_wconf 90' lang='lat' dir='ltr'>non</span> <span class='ocrx_word' id='word_1_65' title='bbox 872 1218 1052 1297; x_wconf 84' lang='lat' dir='ltr'>mentiar.</span> <span class='ocrx_word' id='word_1_66' title='bbox 1069 1220 1125 1295; x_wconf 87' lang='lat' dir='ltr'>At</span> <span class='ocrx_word' id='word_1_67' title='bbox 1137 1217 1253 1296; x_wconf 88' lang='lat' dir='ltr'>simul</span> <span class='ocrx_word' id='word_1_68' title='bbox 1267 1232 1360 1293; x_wconf 85' lang='lat' dir='ltr'>atras</span> <span class='ocrx_word' id='word_1_69' title='bbox 1413 1213 1414 1216; x_wconf 50' lang='lat'>&#39;</span> 
     </span>
     <span class='ocr_line' id='line_1_9' title="bbox 203 1344 1234 1451; baseline 0 -30"><span class='ocrx_word' id='word_1_70' title='bbox 203 1344 380 1421; x_wconf 87' lang='lat' dir='ltr'>Ventum</span> <span class='ocrx_word' id='word_1_71' title='bbox 398 1362 454 1421; x_wconf 88' lang='lat' dir='ltr'>est</span> <span class='ocrx_word' id='word_1_72' title='bbox 470 1347 504 1414; x_wconf 79' lang='lat'>³9</span> <span class='ocrx_word' id='word_1_73' title='bbox 523 1345 740 1450; x_wconf 85' lang='lat' dir='ltr'>Esquilias,</span> <span class='ocrx_word' id='word_1_74' title='bbox 757 1345 888 1424; x_wconf 87' lang='lat' dir='ltr'>aliena</span> <span class='ocrx_word' id='word_1_75' title='bbox 904 1348 1059 1451; x_wconf 82' lang='lat' dir='ltr'>negotia</span> <span class='ocrx_word' id='word_1_76' title='bbox 1077 1363 1234 1423; x_wconf 90' lang='lat' dir='ltr'>centum</span> 
     </span>
    </p>

    <p class='ocr_par' dir='ltr' id='par_1_9' title="bbox 145 1447 1307 1572">
     <span class='ocr_line' id='line_1_10' title="bbox 145 1447 1307 1572; baseline -0.001 -27"><span class='ocrx_word' id='word_1_77' title='bbox 145 1447 151 1458; x_wconf 44' lang='grc'><em>’</em></span> <span class='ocrx_word' id='word_1_78' title='bbox 202 1470 279 1545; x_wconf 89' lang='lat' dir='ltr'>Per</span> <span class='ocrx_word' id='word_1_79' title='bbox 295 1485 433 1572; x_wconf 87' lang='lat' dir='ltr'>caput,</span> <span class='ocrx_word' id='word_1_80' title='bbox 450 1485 485 1536; x_wconf 85' lang='lat'>40</span> <span class='ocrx_word' id='word_1_81' title='bbox 502 1487 541 1547; x_wconf 91' lang='lat' dir='ltr'>et</span> <span class='ocrx_word' id='word_1_82' title='bbox 558 1472 662 1546; x_wconf 89' lang='lat' dir='ltr'>circa</span> <span class='ocrx_word' id='word_1_83' title='bbox 680 1469 824 1547; x_wconf 85' lang='lat' dir='ltr'>saliunt</span> <span class='ocrx_word' id='word_1_84' title='bbox 841 1470 952 1548; x_wconf 88' lang='lat' dir='ltr'>latus.</span> <span class='ocrx_word' id='word_1_85' title='bbox 970 1472 1076 1547; x_wconf 86' lang='lat' dir='ltr'><strong>Ante</strong></span> <span class='ocrx_word' id='word_1_86' title='bbox 1093 1468 1307 1545; x_wconf 86' lang='lat' dir='ltr'>secundam</span> 
     </span>
    </p>

    <p class='ocr_par' dir='ltr' id='par_1_10' title="bbox 203 1594 1167 1674">
     <span class='ocr_line' id='line_1_11' title="bbox 203 1594 1167 1674; baseline 0.003 -4"><span class='ocrx_word' id='word_1_87' title='bbox 203 1594 367 1671; x_wconf 85' lang='lat' dir='ltr'><strong>Roscius</strong></span> <span class='ocrx_word' id='word_1_88' title='bbox 384 1595 521 1672; x_wconf 87' lang='lat' dir='ltr'>orabat</span> <span class='ocrx_word' id='word_1_89' title='bbox 537 1613 568 1662; x_wconf 85' lang='grc' dir='ltr'>4Ι</span> <span class='ocrx_word' id='word_1_90' title='bbox 587 1596 663 1673; x_wconf 87' lang='lat' dir='ltr'>sibi</span> <span class='ocrx_word' id='word_1_91' title='bbox 680 1597 831 1674; x_wconf 83' lang='lat' dir='ltr'>adesses</span> <span class='ocrx_word' id='word_1_92' title='bbox 847 1597 898 1672; x_wconf 89' lang='lat' dir='ltr'>ad</span> <span class='ocrx_word' id='word_1_93' title='bbox 915 1595 1054 1674; x_wconf 89' lang='lat' dir='ltr'>Puteal</span> <span class='ocrx_word' id='word_1_94' title='bbox 1071 1621 1167 1673; x_wconf 84' lang='lat' dir='ltr'>cras.</span> 
     </span>
    </p>

    <p class='ocr_par' dir='ltr' id='par_1_11' title="bbox 202 1719 1233 1825">
     <span class='ocr_line' id='line_1_12' title="bbox 202 1719 1233 1825; baseline 0.002 -33"><span class='ocrx_word' id='word_1_95' title='bbox 202 1732 237 1782; x_wconf 84' lang='lat'>42</span> <span class='ocrx_word' id='word_1_96' title='bbox 250 1719 311 1794; x_wconf 87' lang='lat' dir='ltr'>De</span> <span class='ocrx_word' id='word_1_97' title='bbox 327 1746 368 1795; x_wconf 89' lang='lat' dir='ltr'>re</span> <span class='ocrx_word' id='word_1_98' title='bbox 384 1722 582 1798; x_wconf 88' lang='lat' dir='ltr'>communi</span> <span class='ocrx_word' id='word_1_99' title='bbox 598 1721 735 1798; x_wconf 88' lang='lat' dir='ltr'>scribae</span> <span class='ocrx_word' id='word_1_100' title='bbox 752 1749 919 1825; x_wconf 85' lang='lat' dir='ltr'>magna,</span> <span class='ocrx_word' id='word_1_101' title='bbox 939 1737 1056 1824; x_wconf 87' lang='lat' dir='ltr'>atque</span> <span class='ocrx_word' id='word_1_102' title='bbox 1074 1746 1176 1795; x_wconf 87' lang='lat' dir='ltr'>nova</span> <span class='ocrx_word' id='word_1_103' title='bbox 1192 1733 1233 1794; x_wconf 83' lang='lat' dir='ltr'>te</span> 
     </span>
    </p>

    <p class='ocr_par' dir='ltr' id='par_1_12' title="bbox 203 1832 1158 1950">
     <span class='ocr_line' id='line_1_13' title="bbox 203 1832 1158 1950; baseline 0.006 -33"><span class='ocrx_word' id='word_1_104' title='bbox 203 1840 381 1920; x_wconf 89' lang='lat' dir='ltr'>Orabant</span> <span class='ocrx_word' id='word_1_105' title='bbox 397 1844 514 1922; x_wconf 89' lang='lat' dir='ltr'>hodie</span> <span class='ocrx_word' id='word_1_106' title='bbox 532 1848 795 1941; x_wconf 83' lang='lat' dir='ltr'>meminisses,</span> <span class='ocrx_word' id='word_1_107' title='bbox 813 1848 957 1950; x_wconf 85' lang='lat' dir='ltr'>Quinte</span> <span class='ocrx_word' id='word_1_108' title='bbox 972 1904 984 1939; x_wconf 95' lang='lat'>,</span> <span class='ocrx_word' id='word_1_109' title='bbox 1000 1832 1158 1923; x_wconf 70' lang='lat' dir='ltr'>reuerti.</span> 
     </span>
    </p>

    <p class='ocr_par' dir='ltr' id='par_1_13' title="bbox 151 1968 1174 2075">
     <span class='ocr_line' id='line_1_14' title="bbox 151 1968 1174 2075; baseline 0.005 -33"><span class='ocrx_word' id='word_1_110' title='bbox 151 2041 157 2053; x_wconf 69' lang='grc'><em>,</em></span> <span class='ocrx_word' id='word_1_111' title='bbox 201 1968 236 2033; x_wconf 82' lang='grc'>43</span> <span class='ocrx_word' id='word_1_112' title='bbox 254 1969 458 2072; x_wconf 81' lang='lat' dir='ltr'>Inrprimat</span> <span class='ocrx_word' id='word_1_113' title='bbox 478 1968 537 2045; x_wconf 92' lang='lat' dir='ltr'>his</span> <span class='ocrx_word' id='word_1_114' title='bbox 556 1998 649 2047; x_wconf 89' lang='lat' dir='ltr'>cura</span> <span class='ocrx_word' id='word_1_115' title='bbox 666 1972 862 2049; x_wconf 74' lang='lat' dir='ltr'>Maecenas</span> <span class='ocrx_word' id='word_1_116' title='bbox 879 1971 990 2075; x_wconf 83' lang='lat' dir='ltr'>signa</span> <span class='ocrx_word' id='word_1_117' title='bbox 1008 1968 1174 2047; x_wconf 72' lang='lat' dir='ltr'>tabellis·</span> 
     </span>
    </p>

    <p class='ocr_par' dir='ltr' id='par_1_14' title="bbox 201 2093 1302 2201">
     <span class='ocr_line' id='line_1_15' title="bbox 201 2093 1302 2201; baseline 0.003 -33"><span class='ocrx_word' id='word_1_118' title='bbox 201 2108 237 2158; x_wconf 89' lang='grc'>44</span> <span class='ocrx_word' id='word_1_119' title='bbox 254 2093 436 2186; x_wconf 83' lang='lat' dir='ltr'>Dixeris,</span> <span class='ocrx_word' id='word_1_120' title='bbox 456 2095 633 2198; x_wconf 83' lang='lat' dir='ltr'>experiar</span> <span class='ocrx_word' id='word_1_121' title='bbox 650 2128 659 2173; x_wconf 81' lang='lat' dir='ltr'>t</span> <span class='ocrx_word' id='word_1_122' title='bbox 677 2097 709 2174; x_wconf 89' lang='lat' dir='ltr'>si</span> <span class='ocrx_word' id='word_1_123' title='bbox 724 2096 808 2189; x_wconf 83' lang='lat' dir='ltr'>vis,</span> <span class='ocrx_word' id='word_1_124' title='bbox 822 2112 953 2201; x_wconf 88' lang='lat' dir='ltr'>potes,</span> <span class='ocrx_word' id='word_1_125' title='bbox 968 2094 1102 2187; x_wconf 86' lang='lat' dir='ltr'>addit,</span> <span class='ocrx_word' id='word_1_126' title='bbox 1120 2111 1157 2171; x_wconf 92' lang='lat' dir='ltr'>et</span> <span class='ocrx_word' id='word_1_127' title='bbox 1170 2093 1302 2171; x_wconf 86' lang='lat' dir='ltr'>instat.</span> 
     </span>
    </p>

    <p class='ocr_par' dir='ltr' id='par_1_15' title="bbox 200 2218 1178 2326">
     <span class='ocr_line' id='line_1_16' title="bbox 200 2218 1178 2326; baseline 0.001 -31"><span class='ocrx_word' id='word_1_128' title='bbox 200 2218 235 2283; x_wconf 84' lang='grc'>45</span> <span class='ocrx_word' id='word_1_129' title='bbox 249 2220 441 2322; x_wconf 86' lang='lat' dir='ltr'>Septimus</span> <span class='ocrx_word' id='word_1_130' title='bbox 455 2238 594 2299; x_wconf 90' lang='lat' dir='ltr'>octavo</span> <span class='ocrx_word' id='word_1_131' title='bbox 607 2223 761 2326; x_wconf 84' lang='lat' dir='ltr'>propior</span> <span class='ocrx_word' id='word_1_132' title='bbox 774 2221 854 2320; x_wconf 87' lang='lat' dir='ltr'>jam</span> <span class='ocrx_word' id='word_1_133' title='bbox 870 2221 1015 2326; x_wconf 86' lang='lat' dir='ltr'>fugerit</span> <span class='ocrx_word' id='word_1_134' title='bbox 1031 2248 1178 2312; x_wconf 85' lang='lat' dir='ltr'>annus,</span> 
     </span>
    </p>

    <p class='ocr_par' dir='ltr' id='par_1_16' title="bbox 202 2344 1212 2451">
     <span class='ocr_line' id='line_1_17' title="bbox 202 2344 1212 2451; baseline 0.002 -31"><span class='ocrx_word' id='word_1_135' title='bbox 202 2344 260 2422; x_wconf 85' lang='lat' dir='ltr'>Ex</span> <span class='ocrx_word' id='word_1_136' title='bbox 282 2375 358 2451; x_wconf 90' lang='lat' dir='ltr'>quo</span> <span class='ocrx_word' id='word_1_137' title='bbox 377 2348 573 2432; x_wconf 82' lang='lat' dir='ltr'>Maecenas</span> <span class='ocrx_word' id='word_1_138' title='bbox 590 2374 651 2424; x_wconf 87' lang='lat' dir='ltr'>me</span> <span class='ocrx_word' id='word_1_139' title='bbox 669 2346 786 2450; x_wconf 84' lang='lat' dir='ltr'>coepit</span> <span class='ocrx_word' id='word_1_140' title='bbox 802 2345 949 2424; x_wconf 89' lang='lat' dir='ltr'>habere</span> <span class='ocrx_word' id='word_1_141' title='bbox 965 2372 1122 2425; x_wconf 87' lang='lat' dir='ltr'>suorum</span> <span class='ocrx_word' id='word_1_142' title='bbox 1199 2370 1212 2390; x_wconf 93' lang='grc'>··</span> 
     </span>
    </p>

    <p class='ocr_par' dir='ltr' id='par_1_17' title="bbox 201 2473 1418 2585">
     <span class='ocr_line' id='line_1_18' title="bbox 201 2473 1418 2585; baseline 0.002 -37"><span class='ocrx_word' id='word_1_143' title='bbox 201 2473 423 2549; x_wconf 88' lang='lat' dir='ltr'>Innumero</span> <span class='ocrx_word' id='word_1_144' title='bbox 439 2506 448 2552; x_wconf 73' lang='grc' dir='ltr'><strong><em>ι</em></strong></span> <span class='ocrx_word' id='word_1_145' title='bbox 464 2476 653 2552; x_wconf 83' lang='lat' dir='ltr'>duntaxat</span> <span class='ocrx_word' id='word_1_146' title='bbox 667 2478 719 2552; x_wconf 92' lang='lat' dir='ltr'>ad</span> <span class='ocrx_word' id='word_1_147' title='bbox 735 2477 836 2571; x_wconf 90' lang='lat' dir='ltr'>hoc,</span> <span class='ocrx_word' id='word_1_148' title='bbox 853 2478 888 2543; x_wconf 84' lang='lat'>4⁶</span> <span class='ocrx_word' id='word_1_149' title='bbox 902 2505 1021 2581; x_wconf 91' lang='lat' dir='ltr'>quem</span> <span class='ocrx_word' id='word_1_150' title='bbox 1037 2475 1172 2552; x_wconf 87' lang='lat' dir='ltr'>tollere</span> <span class='ocrx_word' id='word_1_151' title='bbox 1187 2473 1312 2553; x_wconf 77' lang='lat' dir='ltr'>&#39;rheda</span> <span class='ocrx_word' id='word_1_152' title='bbox 1417 2538 1418 2585; x_wconf 29' lang='grc' dir='ltr'>ἒ</span> 
     </span>
    </p>
   </div>
   <div class='ocr_carea' id='block_1_3' title="bbox 196 2637 1368 4053">
    <p class='ocr_par' dir='ltr' id='par_1_18' title="bbox 200 2637 1361 2885">
     <span class='ocr_line' id='line_1_19' title="bbox 247 2637 1360 2716; baseline 0.003 -26"><span class='ocrx_word' id='word_1_153' title='bbox 247 2637 282 2691; x_wconf 77' lang='lat'>50</span> <span class='ocrx_word' id='word_1_154' title='bbox 306 2637 368 2692; x_wconf 85' lang='lat' dir='ltr'>Sive</span> <span class='ocrx_word' id='word_1_155' title='bbox 392 2640 494 2693; x_wconf 81' lang='lat' dir='ltr'>Bruma</span> <span class='ocrx_word' id='word_1_156' title='bbox 517 2640 638 2696; x_wconf 82' lang='lat' dir='ltr'>breviore</span> <span class='ocrx_word' id='word_1_157' title='bbox 661 2641 764 2696; x_wconf 85' lang='lat' dir='ltr'>ambitu</span> <span class='ocrx_word' id='word_1_158' title='bbox 837 2641 916 2715; x_wconf 73' lang='lat'>39111</span> <span class='ocrx_word' id='word_1_159' title='bbox 928 2641 1056 2716; x_wconf 80' lang='lat' dir='ltr'>Esquiliis</span> <span class='ocrx_word' id='word_1_160' title='bbox 1064 2640 1204 2695; x_wconf 80' lang='lat' dir='ltr'>habitabat</span> <span class='ocrx_word' id='word_1_161' title='bbox 1214 2640 1360 2705; x_wconf 72' lang='lat' dir='ltr'>Maecenas-,⁴</span> 
     </span>
     <span class='ocr_line' id='line_1_20' title="bbox 200 2715 1361 2802; baseline 0.001 -28"><span class='ocrx_word' id='word_1_162' title='bbox 200 2720 275 2774; x_wconf 83' lang='lat' dir='ltr'>&#39;diem</span> <span class='ocrx_word' id='word_1_163' title='bbox 295 2722 440 2777; x_wconf 80' lang='lat' dir='ltr'>contrahit.</span> <span class='ocrx_word' id='word_1_164' title='bbox 461 2724 493 2777; x_wconf 77' lang='lat'>31</span> <span class='ocrx_word' id='word_1_165' title='bbox 515 2724 559 2778; x_wconf 77' lang='lat' dir='ltr'>Ad</span> <span class='ocrx_word' id='word_1_166' title='bbox 576 2723 765 2798; x_wconf 82' lang='lat' dir='ltr'>spondendum</span> <span class='ocrx_word' id='word_1_167' title='bbox 799 2715 1361 2802; x_wconf 45' lang='lat' dir='ltr'>quasatrasappellat,velquod&#39;olimerat</span> 
     </span>
     <span class='ocr_line' id='line_1_21' title="bbox 200 2804 1358 2885; baseline 0.002 -24"><span class='ocrx_word' id='word_1_168' title='bbox 200 2824 250 2879; x_wconf 88' lang='lat' dir='ltr'>pto</span> <span class='ocrx_word' id='word_1_169' title='bbox 261 2804 355 2859; x_wconf 82' lang='lat' dir='ltr'>altero.</span> <span class='ocrx_word' id='word_1_170' title='bbox 800 2811 886 2885; x_wconf 82' lang='lat' dir='ltr'>plebis</span> <span class='ocrx_word' id='word_1_171' title='bbox 900 2810 1101 2884; x_wconf 81' lang='lat' dir='ltr'>sepulcretum,</span> <span class='ocrx_word' id='word_1_172' title='bbox 1117 2807 1161 2862; x_wconf 86' lang='lat' dir='ltr'>vel</span> <span class='ocrx_word' id='word_1_173' title='bbox 1179 2808 1252 2883; x_wconf 89' lang='lat' dir='ltr'>qnod</span> <span class='ocrx_word' id='word_1_174' title='bbox 1263 2827 1297 2863; x_wconf 86' lang='lat' dir='ltr'>eo</span> <span class='ocrx_word' id='word_1_175' title='bbox 1309 2828 1358 2863; x_wconf 82' lang='lat' dir='ltr'>re·</span> 
     </span>
    </p>

    <p class='ocr_par' dir='ltr' id='par_1_19' title="bbox 198 2889 1361 3299">
     <span class='ocr_line' id='line_1_22' title="bbox 219 2889 1360 2960; baseline 0.002 -15"><span class='ocrx_word' id='word_1_176' title='bbox 219 2942 222 2945; x_wconf 88' lang='lat'>.</span> <span class='ocrx_word' id='word_1_177' title='bbox 238 2889 273 2942; x_wconf 77' lang='lat'>32</span> <span class='ocrx_word' id='word_1_178' title='bbox 289 2889 384 2944; x_wconf 78' lang='lat' dir='ltr'>Postea</span> <span class='ocrx_word' id='word_1_179' title='bbox 399 2889 576 2945; x_wconf 85' lang='lat' dir='ltr'>laborandum</span> <span class='ocrx_word' id='word_1_180' title='bbox 592 2908 632 2947; x_wconf 84' lang='lat' dir='ltr'>est</span> <span class='ocrx_word' id='word_1_181' title='bbox 648 2893 717 2947; x_wconf 88' lang='lat' dir='ltr'>mihi</span> <span class='ocrx_word' id='word_1_182' title='bbox 734 2897 765 2947; x_wconf 82' lang='lat' dir='ltr'>iu</span> <span class='ocrx_word' id='word_1_183' title='bbox 800 2895 878 2949; x_wconf 82' lang='lat' dir='ltr'>niens</span> <span class='ocrx_word' id='word_1_184' title='bbox 890 2896 954 2949; x_wconf 80' lang='lat' dir='ltr'>atria</span> <span class='ocrx_word' id='word_1_185' title='bbox 965 2895 1038 2949; x_wconf 82' lang='lat' dir='ltr'>curis</span> <span class='ocrx_word' id='word_1_186' title='bbox 1049 2891 1220 2947; x_wconf 74' lang='lat' dir='ltr'>obruebatur.</span> <span class='ocrx_word' id='word_1_187' title='bbox 1231 2902 1266 2960; x_wconf 81' lang='grc' dir='ltr'>4ο</span> <span class='ocrx_word' id='word_1_188' title='bbox 1279 2892 1360 2948; x_wconf 74' lang='lat' dir='ltr'>Omni</span> 
     </span>
     <span class='ocr_line' id='line_1_23' title="bbox 200 2971 1142 3053; baseline 0.005 -27"><span class='ocrx_word' id='word_1_189' title='bbox 200 2972 292 3040; x_wconf 87' lang='lat' dir='ltr'>turba,</span> <span class='ocrx_word' id='word_1_190' title='bbox 303 2971 333 3026; x_wconf 89' lang='lat' dir='ltr'>id</span> <span class='ocrx_word' id='word_1_191' title='bbox 345 2971 416 3029; x_wconf 83' lang='lat' dir='ltr'>clare</span> <span class='ocrx_word' id='word_1_192' title='bbox 429 2989 457 3028; x_wconf 84' lang='lat' dir='ltr'>et</span> <span class='ocrx_word' id='word_1_193' title='bbox 470 2989 560 3048; x_wconf 84' lang='lat' dir='ltr'>aperte</span> <span class='ocrx_word' id='word_1_194' title='bbox 572 2973 680 3042; x_wconf 89' lang='lat' dir='ltr'>locuto,</span> <span class='ocrx_word' id='word_1_195' title='bbox 692 2975 765 3049; x_wconf 85' lang='lat' dir='ltr'>quod</span> <span class='ocrx_word' id='word_1_196' title='bbox 801 2996 836 3032; x_wconf 83' lang='lat' dir='ltr'>ex</span> <span class='ocrx_word' id='word_1_197' title='bbox 848 2993 922 3051; x_wconf 83' lang='lat' dir='ltr'>parte</span> <span class='ocrx_word' id='word_1_198' title='bbox 936 2976 1069 3033; x_wconf 81' lang='lat' dir='ltr'>insiliunt.</span> <span class='ocrx_word' id='word_1_199' title='bbox 1139 3049 1142 3053; x_wconf 13' lang='grc' dir='ltr'><strong>Δ</strong></span> 
     </span>
     <span class='ocr_line' id='line_1_24' title="bbox 199 3054 1361 3131; baseline -0.002 -18"><span class='ocrx_word' id='word_1_200' title='bbox 199 3054 268 3113; x_wconf 82' lang='lat' dir='ltr'>mihi</span> <span class='ocrx_word' id='word_1_201' title='bbox 279 3055 409 3110; x_wconf 88' lang='lat' dir='ltr'>damnum</span> <span class='ocrx_word' id='word_1_202' title='bbox 419 3056 527 3124; x_wconf 81' lang='lat' dir='ltr'>afferat,</span> <span class='ocrx_word' id='word_1_203' title='bbox 538 3057 764 3131; x_wconf 81' lang='lat' dir='ltr'>spondendoni-</span> <span class='ocrx_word' id='word_1_204' title='bbox 836 3070 867 3128; x_wconf 78' lang='lat'>4¹</span> <span class='ocrx_word' id='word_1_205' title='bbox 887 3060 925 3114; x_wconf 91' lang='lat' dir='ltr'>Ut</span> <span class='ocrx_word' id='word_1_206' title='bbox 941 3075 988 3127; x_wconf 88' lang='lat' dir='ltr'>tu,</span> <span class='ocrx_word' id='word_1_207' title='bbox 1006 3058 1114 3124; x_wconf 79' lang='lat' dir='ltr'>Horati,</span> <span class='ocrx_word' id='word_1_208' title='bbox 1129 3057 1180 3112; x_wconf 84' lang='lat' dir='ltr'>sibi</span> <span class='ocrx_word' id='word_1_209' title='bbox 1194 3074 1265 3114; x_wconf 79' lang='lat' dir='ltr'>esses</span> <span class='ocrx_word' id='word_1_210' title='bbox 1278 3058 1361 3113; x_wconf 83' lang='lat' dir='ltr'>advo·</span> 
     </span>
     <span class='ocr_line' id='line_1_25' title="bbox 198 3139 1358 3217; baseline 0.003 -26"><span class='ocrx_word' id='word_1_211' title='bbox 198 3146 311 3193; x_wconf 69' lang='lat' dir='ltr'>anirum.</span> <span class='ocrx_word' id='word_1_212' title='bbox 326 3141 361 3194; x_wconf 76' lang='lat'>33</span> <span class='ocrx_word' id='word_1_213' title='bbox 375 3139 492 3196; x_wconf 76' lang='lat' dir='ltr'>Tardius</span> <span class='ocrx_word' id='word_1_214' title='bbox 503 3140 646 3210; x_wconf 84' lang='lat' dir='ltr'>euntibus,</span> <span class='ocrx_word' id='word_1_215' title='bbox 660 3141 765 3197; x_wconf 82' lang='lat' dir='ltr'>scilicet</span> <span class='ocrx_word' id='word_1_216' title='bbox 800 3158 875 3198; x_wconf 82' lang='lat' dir='ltr'>catus</span> <span class='ocrx_word' id='word_1_217' title='bbox 888 3142 923 3197; x_wconf 72' lang='lat' dir='ltr'>ad</span> <span class='ocrx_word' id='word_1_218' title='bbox 934 3142 1040 3217; x_wconf 84' lang='lat' dir='ltr'>puteal,</span> <span class='ocrx_word' id='word_1_219' title='bbox 1053 3141 1084 3196; x_wconf 74' lang='lat' dir='ltr'>ia</span> <span class='ocrx_word' id='word_1_220' title='bbox 1095 3156 1152 3209; x_wconf 80' lang='lat' dir='ltr'>att,</span> <span class='ocrx_word' id='word_1_221' title='bbox 1164 3141 1201 3199; x_wconf 83' lang='lat' dir='ltr'>ad</span> <span class='ocrx_word' id='word_1_222' title='bbox 1212 3142 1304 3198; x_wconf 87' lang='lat' dir='ltr'>locum</span> <span class='ocrx_word' id='word_1_223' title='bbox 1315 3139 1358 3196; x_wconf 80' lang='lat' dir='ltr'>ubi</span> 
     </span>
     <span class='ocr_line' id='line_1_26' title="bbox 198 3221 1181 3299; baseline 0.003 -23"><span class='ocrx_word' id='word_1_224' title='bbox 198 3221 265 3276; x_wconf 87' lang='lat' dir='ltr'>dum</span> <span class='ocrx_word' id='word_1_225' title='bbox 277 3243 399 3299; x_wconf 87' lang='lat' dir='ltr'>propero.</span> <span class='ocrx_word' id='word_1_226' title='bbox 637 3265 640 3271; x_wconf 79' lang='lat'><em>-</em></span> <span class='ocrx_word' id='word_1_227' title='bbox 801 3224 1081 3299; x_wconf 78' lang='lat' dir='ltr'>Praetorjuadieebat.</span> <span class='ocrx_word' id='word_1_228' title='bbox 1179 3268 1181 3273; x_wconf 68' lang='lat'>,</span> 
     </span>
    </p>

    <p class='ocr_par' dir='ltr' id='par_1_20' title="bbox 198 3305 1362 3551">
     <span class='ocr_line' id='line_1_27' title="bbox 235 3305 1362 3385; baseline 0.005 -27"><span class='ocrx_word' id='word_1_229' title='bbox 235 3305 271 3373; x_wconf 72' lang='lat'>34</span> <span class='ocrx_word' id='word_1_230' title='bbox 283 3307 374 3361; x_wconf 86' lang='lat' dir='ltr'>Verba</span> <span class='ocrx_word' id='word_1_231' title='bbox 386 3325 449 3365; x_wconf 86' lang='lat' dir='ltr'>sunt</span> <span class='ocrx_word' id='word_1_232' title='bbox 462 3312 533 3383; x_wconf 81' lang='lat' dir='ltr'>ejus,</span> <span class='ocrx_word' id='word_1_233' title='bbox 544 3312 589 3384; x_wconf 83' lang='lat' dir='ltr'>qui</span> <span class='ocrx_word' id='word_1_234' title='bbox 602 3309 636 3364; x_wconf 90' lang='lat' dir='ltr'>ab</span> <span class='ocrx_word' id='word_1_235' title='bbox 651 3309 765 3363; x_wconf 85' lang='lat' dir='ltr'>Horatio</span> <span class='ocrx_word' id='word_1_236' title='bbox 835 3319 871 3377; x_wconf 77' lang='lat'>42</span> <span class='ocrx_word' id='word_1_237' title='bbox 888 3313 932 3365; x_wconf 82' lang='lat' dir='ltr'>De</span> <span class='ocrx_word' id='word_1_238' title='bbox 951 3329 1002 3377; x_wconf 85' lang='lat' dir='ltr'>re,</span> <span class='ocrx_word' id='word_1_239' title='bbox 1020 3329 1080 3383; x_wconf 83' lang='lat' dir='ltr'>quae</span> <span class='ocrx_word' id='word_1_240' title='bbox 1099 3306 1134 3363; x_wconf 85' lang='lat' dir='ltr'>ad</span> <span class='ocrx_word' id='word_1_241' title='bbox 1150 3326 1210 3365; x_wconf 81' lang='lat' dir='ltr'>rem</span> <span class='ocrx_word' id='word_1_242' title='bbox 1227 3309 1362 3385; x_wconf 68' lang='lat' dir='ltr'>publicane</span> 
     </span>
     <span class='ocr_line' id='line_1_28' title="bbox 198 3392 1050 3471; baseline 0.006 -29"><span class='ocrx_word' id='word_1_243' title='bbox 198 3392 764 3471; x_wconf 74' lang='lat' dir='ltr'>properanteinturbaimpellitur.35Diris</span> <span class='ocrx_word' id='word_1_244' title='bbox 798 3395 943 3468; x_wconf 76' lang='lat' dir='ltr'>pertineat.</span> <span class='ocrx_word' id='word_1_245' title='bbox 1042 3422 1050 3436; x_wconf 58' lang='grc' dir='ltr'><em>ι</em></span> 
     </span>
     <span class='ocr_line' id='line_1_29' title="bbox 198 3472 1362 3551; baseline -0.003 -22"><span class='ocrx_word' id='word_1_246' title='bbox 198 3473 408 3549; x_wconf 83' lang='lat' dir='ltr'>precationibus.</span> <span class='ocrx_word' id='word_1_247' title='bbox 710 3518 717 3533; x_wconf 71' lang='grc'><strong>,</strong></span> <span class='ocrx_word' id='word_1_248' title='bbox 834 3476 872 3542; x_wconf 71' lang='lat'>43</span> <span class='ocrx_word' id='word_1_249' title='bbox 883 3479 927 3530; x_wconf 83' lang='lat' dir='ltr'>Da</span> <span class='ocrx_word' id='word_1_250' title='bbox 948 3494 1073 3551; x_wconf 84' lang='lat' dir='ltr'>operam,</span> <span class='ocrx_word' id='word_1_251' title='bbox 1095 3490 1125 3530; x_wconf 87' lang='lat' dir='ltr'>ut</span> <span class='ocrx_word' id='word_1_252' title='bbox 1142 3475 1280 3531; x_wconf 65' lang='lat' dir='ltr'>Maeona</span> <span class='ocrx_word' id='word_1_253' title='bbox 1295 3472 1362 3527; x_wconf 86' lang='lat' dir='ltr'>sub·</span> 
     </span>
    </p>

    <p class='ocr_par' dir='ltr' id='par_1_21' title="bbox 196 3559 1365 3802">
     <span class='ocr_line' id='line_1_30' title="bbox 236 3559 913 3635; baseline 0 -23"><span class='ocrx_word' id='word_1_254' title='bbox 236 3559 482 3626; x_wconf 51' lang='lat' dir='ltr'>acclamanti</span> <span class='ocrx_word' id='word_1_255' title='bbox 490 3559 556 3616; x_wconf 86' lang='lat' dir='ltr'>licet</span> <span class='ocrx_word' id='word_1_256' title='bbox 564 3561 668 3635; x_wconf 82' lang='lat' dir='ltr'>pulsare</span> <span class='ocrx_word' id='word_1_257' title='bbox 678 3559 763 3635; x_wconf 81' lang='lat' dir='ltr'>quid-</span> <span class='ocrx_word' id='word_1_258' title='bbox 803 3559 913 3615; x_wconf 76' lang='lat' dir='ltr'>scribut.</span> 
     </span>
     <span class='ocr_line' id='line_1_31' title="bbox 196 3638 1365 3719; baseline -0.007 -20"><span class='ocrx_word' id='word_1_259' title='bbox 196 3643 451 3719; x_wconf 75' lang='lat' dir='ltr'>quidobatatennti.</span> <span class='ocrx_word' id='word_1_260' title='bbox 462 3644 763 3715; x_wconf 76' lang='lat' dir='ltr'>378irecurrasrnente</span> <span class='ocrx_word' id='word_1_261' title='bbox 834 3654 869 3710; x_wconf 79' lang='grc'>44</span> <span class='ocrx_word' id='word_1_262' title='bbox 892 3643 920 3698; x_wconf 78' lang='lat' dir='ltr'>si</span> <span class='ocrx_word' id='word_1_263' title='bbox 941 3642 1056 3711; x_wconf 80' lang='lat' dir='ltr'>dixeris,</span> <span class='ocrx_word' id='word_1_264' title='bbox 1074 3641 1186 3697; x_wconf 84' lang='lat' dir='ltr'>tentabo</span> <span class='ocrx_word' id='word_1_265' title='bbox 1202 3681 1216 3708; x_wconf 85' lang='lat'>,</span> <span class='ocrx_word' id='word_1_266' title='bbox 1240 3660 1276 3696; x_wconf 82' lang='lat' dir='ltr'>an</span> <span class='ocrx_word' id='word_1_267' title='bbox 1297 3638 1365 3695; x_wconf 79' lang='lat' dir='ltr'>velit</span> 
     </span>
     <span class='ocr_line' id='line_1_32' title="bbox 197 3724 974 3802; baseline -0.005 -19"><span class='ocrx_word' id='word_1_268' title='bbox 197 3726 762 3802; x_wconf 70' lang='lat' dir='ltr'>inmemoriambeneficiorumcoeptorum.</span> <span class='ocrx_word' id='word_1_269' title='bbox 797 3724 974 3787; x_wconf 64' lang='lat' dir='ltr'>subscribere.</span> 
     </span>
    </p>

    <p class='ocr_par' dir='ltr' id='par_1_22' title="bbox 197 3807 1368 4053">
     <span class='ocr_line' id='line_1_33' title="bbox 235 3807 1368 3885; baseline -0.004 -21"><span class='ocrx_word' id='word_1_270' title='bbox 235 3811 270 3864; x_wconf 79' lang='lat'>58</span> <span class='ocrx_word' id='word_1_271' title='bbox 278 3809 430 3885; x_wconf 86' lang='lat' dir='ltr'>Respondet</span> <span class='ocrx_word' id='word_1_272' title='bbox 437 3810 763 3884; x_wconf 83' lang='lat' dir='ltr'>Horatius‚hoc(nempe</span> <span class='ocrx_word' id='word_1_273' title='bbox 834 3811 868 3878; x_wconf 78' lang='lat'>45</span> <span class='ocrx_word' id='word_1_274' title='bbox 882 3812 1017 3883; x_wconf 82' lang='lat' dir='ltr'>Septimus</span> <span class='ocrx_word' id='word_1_275' title='bbox 1028 3824 1117 3863; x_wconf 79' lang='lat' dir='ltr'>annus</span> <span class='ocrx_word' id='word_1_276' title='bbox 1127 3807 1234 3883; x_wconf 70' lang='lat' dir='ltr'>elapsus</span> <span class='ocrx_word' id='word_1_277' title='bbox 1247 3821 1302 3873; x_wconf 82' lang='lat' dir='ltr'>ett,</span> <span class='ocrx_word' id='word_1_278' title='bbox 1317 3819 1368 3859; x_wconf 77' lang='lat' dir='ltr'>aut</span> 
     </span>
     <span class='ocr_line' id='line_1_34' title="bbox 197 3892 1365 3968; baseline -0.004 -22"><span class='ocrx_word' id='word_1_279' title='bbox 197 3897 229 3955; x_wconf 70' lang='lat' dir='ltr'>in</span> <span class='ocrx_word' id='word_1_280' title='bbox 247 3894 324 3948; x_wconf 86' lang='lat' dir='ltr'>turba</span> <span class='ocrx_word' id='word_1_281' title='bbox 339 3896 433 3968; x_wconf 83' lang='lat' dir='ltr'>jactari</span> <span class='ocrx_word' id='word_1_282' title='bbox 449 3908 476 3948; x_wconf 86' lang='lat' dir='ltr'>et</span> <span class='ocrx_word' id='word_1_283' title='bbox 492 3893 563 3965; x_wconf 71' lang='lat' dir='ltr'>rnale</span> <span class='ocrx_word' id='word_1_284' title='bbox 581 3892 694 3966; x_wconf 86' lang='lat' dir='ltr'>audire)</span> <span class='ocrx_word' id='word_1_285' title='bbox 706 3912 763 3949; x_wconf 83' lang='lat' dir='ltr'>esse</span> <span class='ocrx_word' id='word_1_286' title='bbox 799 3893 855 3954; x_wconf 80' lang='lat' dir='ltr'>fere</span> <span class='ocrx_word' id='word_1_287' title='bbox 866 3910 990 3962; x_wconf 82' lang='lat' dir='ltr'>octavus,</span> <span class='ocrx_word' id='word_1_288' title='bbox 1003 3914 1038 3953; x_wconf 83' lang='lat' dir='ltr'>ex</span> <span class='ocrx_word' id='word_1_289' title='bbox 1047 3912 1116 3968; x_wconf 91' lang='lat' dir='ltr'>quo,</span> <span class='ocrx_word' id='word_1_290' title='bbox 1128 3908 1181 3945; x_wconf 84' lang='lat' dir='ltr'>etc.</span> <span class='ocrx_word' id='word_1_291' title='bbox 1193 3893 1229 3959; x_wconf 72' lang='lat'>46</span> <span class='ocrx_word' id='word_1_292' title='bbox 1238 3893 1365 3944; x_wconf 75' lang='lat' dir='ltr'>Facturus</span> 
     </span>
     <span class='ocr_line' id='line_1_35' title="bbox 197 3971 1368 4053; baseline -0.006 -21"><span class='ocrx_word' id='word_1_293' title='bbox 197 3977 249 4041; x_wconf 74' lang='lat' dir='ltr'>tibi</span> <span class='ocrx_word' id='word_1_294' title='bbox 260 3977 389 4053; x_wconf 78' lang='lat' dir='ltr'>voluptati</span> <span class='ocrx_word' id='word_1_295' title='bbox 403 3979 487 4033; x_wconf 84' lang='lat' dir='ltr'>instar</span> <span class='ocrx_word' id='word_1_296' title='bbox 499 3977 609 4053; x_wconf 54' lang='lat' dir='ltr'>tuellis„&gt;</span> <span class='ocrx_word' id='word_1_297' title='bbox 800 3979 851 4032; x_wconf 82' lang='lat' dir='ltr'>iter</span> <span class='ocrx_word' id='word_1_298' title='bbox 863 3979 1046 4033; x_wconf 78' lang='lat' dir='ltr'>communicat</span> <span class='ocrx_word' id='word_1_299' title='bbox 1056 3971 1368 4051; x_wconf 74' lang='lat' dir='ltr'>mecum,qnemsellet</span> 
     </span>
    </p>
   </div>
   <div class='ocr_carea' id='block_1_4' title="bbox 0 0 1426 4750">
    <p class='ocr_par' dir='ltr' id='par_1_23' title="bbox 0 0 1426 4750">
     <span class='ocr_line' id='line_1_36' title="bbox 0 0 1426 4750; baseline 0 1"><span class='ocrx_word' id='word_1_300' title='bbox 0 0 1426 4750; x_wconf 95' lang='lat' dir='ltr'> </span> 
     </span>
    </p>
   </div>
  </div>
 </body>
</html>
