2842 4750
247 321 701 384 nrrsrotsnuu
753 321 865 379 tin.
917 327 944 381 t.
1054 305 1183 411 ,367

21 461 54 527 37
68 460 156 536 Non
172 454 286 557 pessis
299 450 413 528 oculo
430 464 617 553 quantum
632 445 863 522 contendere
878 447 912 498 3⁸
925 450 1124 552 Lynceus,

21 589 261 665 Non‘tamen
279 580 428 657 idcirco
450 592 671 654 contemnas
693 572 821 677 lippus
840 574 1001 678 inungi3

21 712 123 802 Neo,
142 709 237 812 quia
255 707 429 806 desperes
446 698 585 776 invicti
602 698 781 775 membra
798 699 832 766 39
851 697 1053 803 Glyconis,

17 834 169 912 Nodosa
193 858 328 934 corpus
351 844 386 894 4Ο
408 825 506 903 nolis
530 822 735 928 prohibere
761 823 953 926 chiragra.

18 972 48 1021 4Ι
66 959 134 1033 Est
150 956 319 1060 quadem
337 951 487 1090 prodire
503 967 635 1043 tenus,
654 954 686 1027 si
703 980 781 1027 non
798 950 913 1028 detur
927 949 1040 1033 ultre.

17 1097 50 1148 4²
69 1083 210 1157 Fervet
226 1077 393 1154 avaritie
402 1074 647 1177 ,miseroque
665 1075 849 1178 cupidine
864 1088 1021 1181 pectus⁷

13 1208 47 1273 43
65 1210 162 1285 Sunt
178 1205 299 1283 verba
316 1221 355 1280 et
370 1232 503 1297 voces,
521 1202 662 1305 quibus
682 1204 788 1280 hunc
805 1204 925 1283 lenire
944 1209 1117 1290 dolorem

12 1332 160 1424 Possis,
177 1345 414 1429 etmagnam
431 1326 555 1403 morbi
575 1328 766 1431 deponere
784 1347 944 1432 partem.
1075 1347 1080 1352 ’

9 1474 47 1523 44
62 1456 210 1533 Laudis
225 1481 354 1529 amore
372 1461 518 1530 tumes?
532 1469 620 1528 sunt
638 1472 743 1528 certa
760 1455 793 1519 4⁵
812 1455 987 1558 piacula,
1007 1487 1093 1563 quae
1109 1477 1148 1537 te

9 1585 96 1659 Ter
115 1582 150 1648 4⁶
168 1605 263 1682 pure
285 1578 386 1654 lecto
405 1593 584 1680 poterunt
605 1604 780 1654 recreare
803 1579 950 1660 libello.

7 1705 198 1796 Invidus,
215 1702 447 1793 iracundus,
464 1700 592 1793 iners,
609 1702 786 1794 vinosus,
800 1721 972 1798 amator,

8 1832 138 1907 Nemo
155 1828 253 1904 adeo
269 1844 303 1894 47
321 1827 425 1904 ferus
445 1842 520 1918 est,
538 1840 581 1922 ut
597 1853 674 1902 non
690 1828 725 1893 4⁸
741 1827 944 1905 mitescere
961 1832 1097 1935 possit,

6 1953 48 2031 Si
69 1953 187 2030 modo
205 1967 238 2020 49
258 1949 419 2026 culturae
443 1949 655 2051 patientem
682 1952 898 2029 commodet
920 1981 1067 2035 aurem.

9 2081 43 2132 ⁵⁰
59 2081 200 2160 Virtus
215 2092 291 2169 est,
308 2076 450 2152 vitium
465 2074 619 2177 fugere3
636 2094 674 2152 et
690 2078 880 2180 sapientie
899 2080 1046 2182 prima,

9 2208 41 2258 ⁵¹
62 2205 239 2284 Stultitia
257 2204 434 2281 caruisse.
452 2203 594 2294 Vides,
611 2230 698 2305 quae
716 2202 891 2280 maxima
909 2207 1034 2283 credis
1110 2265 1112 2272 ,

5 2328 97 2408 Esse
112 2329 240 2422 male,
254 2329 479 2432 exiguum⁵²
490 2354 666 2420 censum,
677 2327 710 2378 ⁵3
723 2343 952 2437 turpemque
963 2332 1169 2435 repulsam,

6 2460 166 2562 Quanto
184 2454 333 2532 devites
347 2452 468 2530 enimi
483 2454 517 2519 ⁵4
534 2453 747 2556 capitisque
765 2452 910 2533 labore.

6 2583 41 2632 ⁵⁵
59 2579 235 2685 Impiger
248 2597 435 2656 extremos
451 2578 571 2656 curris
587 2595 778 2655 mereator
793 2579 844 2653 ed
861 2581 993 2674 Indos,
1087 2567 1093 2584 ⁸

6 2705 85 2783 Per
105 2702 218 2781 inere
237 2704 461 2806 pauperiem
480 2703 653 2807 fugiens,
673 2730 741 2807 per
760 2730 875 2797 saxa,
898 2706 931 2756 ⁵⁶
950 2733 1018 2808 per
1037 2708 1170 2811 ignes:

42 2878 79 2951 37
95 2876 198 2931 Sinon
209 2874 292 2947 possis
302 2875 332 2927 in
340 2873 418 2928 rebus
426 2874 491 2945 ipsis
500 2891 574 2946 pers-
609 2874 725 2941 crificia,
741 2874 786 2928 vel
803 2874 1001 2932 medicamenta
1014 2885 1170 2953 purgantis,

5 2961 133 3036 piciendi
142 2959 250 3013 tentavi
257 2955 394 3010 oculorum
404 2959 455 3010 niti
462 2972 575 3028 ,quante
604 2959 639 3012 -id
648 2974 688 3011 est
695 2998 702 3025 ‚
709 2958 897 3033 philosophice
905 2977 1045 3034 praecepte.
1055 2965 1090 3029 46
1099 2968 1170 3018 Ani-

3 3049 149 3120 Lynceus.
164 3041 199 3093 38
209 3042 331 3113 Lynceus
343 3040 495 3092 acutissime
505 3057 574 3091 ocu·
611 3036 657 3093 ino
669 3060 745 3113 puro.
759 3055 793 3113 47
809 3043 898 3098 Nemo
911 3059 966 3097 tarn
978 3059 1017 3097 est
1026 3047 1170 3114 immanis,

5 3127 97 3184 lorum
108 3125 300 3200 perspicuitate
312 3120 454 3196 preditus,
471 3139 502 3174 ea
517 3139 576 3195 quse
612 3139 640 3176 et
657 3124 693 3178 ab
711 3126 879 3183 humenittte
901 3125 1013 3179 alienus.
1032 3129 1067 3195 48
1083 3130 1169 3185 Man.

2 3209 192 3284 npudinferos
200 3203 461 3279 egerentur,dicitnr
469 3202 575 3257 vidisse.
610 3207 726 3262 suefieri.
739 3220 775 3283 49
786 3208 974 3281 Philosophiae.
1047 3234 1049 3239 ’

5 3294 43 3370 59
60 3291 168 3367 Pugilis
188 3289 299 3343 robusti.
320 3306 355 3355 40
372 3288 433 3340 Nec
448 3285 533 3353 nolis,
546 3285 575 3339 id
645 3289 681 3343 50
691 3291 855 3365 Principium
865 3294 981 3359 vinctis,
996 3298 1170 3353 esuritionem

6 3393 64 3444 est,
76 3376 152 3432 velle
167 3371 259 3427 debes.
274 3381 305 3438 4ι
318 3373 396 3425 Licet
405 3369 574 3444 edeliqnen·
609 3371 1172 3450 firgo.51Vitiiscerere,quoedstultitia

8 3417 99 3513 tulitin
111 3458 245 3513 docuere
256 3454 394 3528 progredi
410 3455 431 3507 si
444 3452 574 3507 nonlicet
608 3461 779 3530 proveniunt.
790 3459 824 3513 52
835 3459 938 3514 Census
947 3461 1077 3535 significet
1085 3480 1169 3519 totam

9 3542 172 3616 transgredi.
198 3539 252 3594 Alii
276 3538 369 3592 volunt
388 3537 510 3610 picodum
529 3535 576 3590 sed
609 3561 649 3595 rer
643 3542 798 3597 familiares
807 3559 1019 3600 estimationem
1028 3547 1062 3601 53
1070 3547 1171 3621 Repul

8 3625 89 3679 nobis
107 3625 234 3698 quadam
254 3625 338 3695 magis
356 3620 476 3687 erride13
495 3635 576 3675 tenus
609 3642 667 3677 sam
688 3627 718 3678 in
737 3628 890 3699 magistratu
911 3627 1045 3701 petendo,
1066 3646 1094 3683 et
1113 3649 1171 3687 nors

3 3712 110 3775 enim,
136 3705 185 3759 ubi
210 3705 412 3779 pronominibus
436 3707 573 3777 jungitur,
609 3706 767 3764 obtinendo.
791 3709 824 3777 54
847 3710 972 3784 Corporis
994 3710 1100 3780 labore,
1121 3730 1170 3786 pet

4 3790 186 3845 foemininum
196 3788 254 3841 able
254 3792 302 3843 tiv.
310 3791 441 3862 exigitte
451 3788 573 3841 AEstuat·
608 3791 807 3865 synecdochen.

4 3876 44 3945 45
58 3873 132 3927 Sunt
143 3871 284 3926 Sermones
297 3872 485 3946 philosophici.
564 3908 567 3914 -
606 3906 608 3911 ·
644 3876 681 3931 55,
691 3877 804 3949 impigre
818 3879 926 3950 naviges
941 3875 976 3929 ad
992 3874 1072 3928 Indos
1086 3873 1167 3951 longe

6 3946 9 3952 Α
42 3966 80 4027 44
96 3954 255 4012 Ambitione
269 3954 381 4015 labores.
394 3957 429 4023 45
440 3956 512 4012 Sunt
526 3974 574 4021 sag
607 3974 732 4015 remotes.
747 3960 785 4015 66
793 3961 843 4015 Per
853 3959 977 4017 ardentes
987 3958 1115 4034 circulos,
1126 3961 1172 4018 vel
