2842 4750
229 296 303 395 478
617 308 655 379 9.
709 304 987 362 nousrrt

229 439 284 512 Ut
302 463 448 539 praem,
469 435 520 512 ad
538 461 685 513 meroes
707 434 861 510 turbam
880 435 949 538 qui
967 449 1001 502 7ο
1019 431 1123 536 cogit
1140 430 1352 521 emendas,
1401 450 1402 489 ³

229 572 261 627 7ι
280 562 545 637 Assentatores
558 557 670 658 jubet
684 556 906 635 adlucrum
926 557 985 633 ire
1008 559 1126 653 Po'e‘ta

229 685 352 762 Dives
370 683 493 789 agris,
512 684 621 759 dives
638 682 770 786 positis
785 682 828 758 iu
845 682 990 769 foenore
1007 678 1187 756 nummis.

229 824 263 876 72
284 809 323 885 Si
341 836 432 884 vero
451 824 506 883 est
523 822 685 883 unctum
703 804 772 910 qui
789 821 894 881 recte
913 830 1054 910 ponere
1075 804 1219 907 possit,

230 935 265 1001 73
283 935 330 1009 Et
347 934 532 1036 spondere
550 933 631 1010 levi
648 962 718 1037 pro
735 960 930 1038 paupere,
948 950 986 1010 et
1004 932 1155 1037 eripere
1174 948 1212 998 ⁷4
1229 932 1329 1007 atris

228 1057 385 1137 Litibus
401 1056 667 1162 implicitum,
689 1058 885 1151 mirabor,
902 1057 933 1134 si
950 1056 1046 1133 sciet
1062 1057 1096 1125 7⁵
1113 1056 1239 1132 inter-

230 1186 399 1263 Noseere
416 1184 673 1278 mendaeem,
698 1211 914 1289 verumque
937 1186 971 1252 7ό
990 1182 1127 1260 beatus
1150 1183 1341 1262 amicum.

231 1327 267 1379 77
285 1314 372 1402 Τιι,
387 1335 455 1384 seu
472 1307 627 1385 donaris
637 1288 653 1400 ‚i
664 1335 734 1385 seu
749 1307 846 1410 quid
861 1309 1005 1385 donare
1021 1307 1129 1384 voles
1143 1308 1179 1374 78
1197 1308 1293 1400 eui,
1403 1384 1404 1399 7

233 1433 366 1512 Nolito
383 1433 433 1507 ad
447 1460 579 1509 versus
595 1450 628 1500 79
647 1433 723 1509 tibi
742 1432 863 1510 factos
879 1434 914 1486 30
932 1435 1073 1511 ducere
1089 1435 1254 1536 plenum

234 1554 425 1648 Laetitim3
448 1553 637 1632 clamabit
655 1554 759 1632 enim
776 1588 785 1633 ε
804 1557 835 1607 ⁸¹
852 1555 1046 1634 Pulchre!
1070 1556 1194 1633 bene!
1213 1562 1342 1633 recte!

234 1680 428 1759 Pallesoet
445 1678 478 1733 32
500 1705 615 1781 super
635 1676 721 1771 his;
740 1677 861 1755 etiam
881 1680 915 1733 ⁸3
934 1680 1096 1757 stillabit
1117 1680 1258 1758 amieis

236 1806 297 1881 Ex
319 1804 439 1880 oculis
460 1830 610 1896 rorem;
630 1801 768 1894 saliet,
789 1800 824 1867 84
844 1803 983 1880 tundet
1002 1805 1099 1907 pede
1117 1823 1263 1880 terram.

238 1932 293 2006 Ut
309 1930 377 2035 qui
396 1931 576 2008 conducti
593 1932 746 2034 plorant
763 1930 806 2007 in
823 1931 959 2009 funere
973 1991 986 2024 ‚
1002 1933 1162 2025 dicunt,
1404 1974 1406 2043 7

238 2056 288 2133 Et
305 2054 455 2132 faciunt
474 2081 591 2159 prope
612 2054 722 2157 plura
740 2053 958 2131 dolentibus
974 2055 1008 2108 3⁵
1024 2083 1073 2133 ex
1089 2055 1243 2152 anim03
1259 2059 1320 2135 sio
1405 2043 1408 2227 7

238 2182 274 2237 ⁸⁶
290 2185 449 2261 Derisor
463 2208 555 2258 vero
571 2181 657 2286 plus
673 2181 873 2259 laudatore
890 2182 926 2249 87
940 2201 1130 2264 movetur.
1406 2232 1407 2281 t

240 2317 368 2419 Reges
388 2313 571 2412 dicuutur
592 2309 736 2422 multis·
747 2338 884 2415 urgere
901 2311 936 2363 ⁸⁸
952 2312 1133 2406 culullis‚

240 2442 292 2518 Et
304 2440 337 2508 89
356 2455 532 2541 torquere
551 2464 681 2528 mero,
706 2465 824 2539 quern
844 2437 1076 2540 perspexisse
1097 2435 1307 2534 laborent,

242 2567 309 2639 An
326 2563 375 2638 sit
391 2560 569 2638 amicitia
587 2560 738 2665 dignus.
757 2561 796 2638 Si
815 2562 989 2637 carmina
1011 2564 1176 2656 condes,
1407 2629 1408 2656 7

242 2688 455 2790 Nunquam
471 2702 509 2760 te
525 2684 663 2761 fallant
680 2702 715 2751 90
736 2684 859 2760 animi
880 2685 953 2762 sub
973 2686 1091 2791 vulpe
1110 2687 1289 2768 latentes.

281 2885 316 2940 7⁰
329 2864 384 2935 Qui
393 2875 545 2937 congregat.
563 2881 594 2934 7¹
611 2861 747 2919 SicPoeta
758 2862 805 2916 lo·
839 2877 897 2915 tum
910 2861 944 2916 ob
957 2881 1032 2936 spem
1043 2863 1174 2918 utilitatis.
1187 2866 1219 2917 8ι
1236 2867 1335 2922 Verba
1346 2879 1391 2920 suut

244 2950 336 3025 cuples
347 2961 521 3002 assentatores
531 2944 565 2999 ad
575 2955 696 3019 poemata
706 2966 753 3000 sua
763 2946 805 3002 rel
839 2949 1007 3000 assentatoris
1022 2956 1146 3019 poemata
1162 2964 1207 3002 tus
1222 2948 1290 3022 ficte
1307 2970 1391 3026 appre-

244 3033 441 3097 indoctissima,
451 3027 584 3084 laudanda
595 3027 732 3083 beneficiis
742 3049 806 3102 pro·
839 3028 936 3083 hantis.
960 3077 967 3088 .

243 3132 330 3170 vocat.
875 3116 910 3167 82
930 3111 973 3168 sd
990 3112 1049 3169 lucc
1069 3113 1215 3189 pallescet,
1236 3122 1320 3189 qussi
1338 3134 1395 3173 noso

281 3216 316 3269 72
325 3196 352 3251 Si
362 3198 396 3252 sit
405 3195 503 3260 Poeta,
513 3196 558 3269 qui
569 3211 698 3262 unctum,
709 3194 739 3248 id
751 3210 804 3254 est.
840 3215 937 3272 genere
951 3201 1081 3269 poematis
1093 3198 1307 3273 obstupefactus.

245 3283 401 3340 convivium
413 3279 515 3334 lautum
531 3278 594 3333 dare
610 3281 700 3352 possit¹
724 3280 758 3351 73
771 3281 807 3335 Et
850 3349 854 3354 p
875 3281 912 3335 83
920 3279 1048 3335 Ellundet
1063 3281 1194 3356 lacrymas
1209 3303 1269 3355 quae
1289 3300 1399 3350 suntme

245 3388 275 3423 se
284 3363 379 3421 vadem
388 3365 548 3419 constituere
559 3382 606 3436 pro
611 3375 726 3437 paupere
735 3361 807 3430 leri,v
840 3362 993 3429 oculorum,
1007 3364 1136 3419 simulans
1149 3385 1177 3419 se
1189 3364 1323 3438 gaudete.

245 3450 394 3525 quitquovis
406 3444 552 3518 impellitur
563 3445 738 3500 emolumenti
748 3465 803 3520 sps.
874 3447 909 3513 84
921 3445 979 3500 Pru
990 3445 1086 3520 gaudio
1096 3446 1211 3501 saltabit.

247 3543 281 3606 74
294 3529 435 3585 Tristibus.
449 3528 482 3599 75
492 3531 674 3603 Distinguere.
685 3530 720 3601 76
729 3531 804 3584 Bea-
874 3531 909 3585 85
931 3533 983 3592 Τῆς
1002 3535 1103 3603 sapim
1126 3549 1213 3596 vere,
1241 3532 1305 3588 sine
1338 3532 1402 3586 futu

185 3641 190 3648 ·
246 3630 344 3683 tus‚ut
353 3617 409 3687 ipse
420 3629 448 3665 se
460 3627 552 3666 censet
564 3632 631 3667 esse.
751 3653 753 3657 v
839 3616 875 3669 86
888 3616 1050 3670 Assentator.
1070 3616 1103 3687 87
1114 3614 1240 3668 Moretur
1253 3614 1337 3683 ficte,
1353 3634 1401 3670 nos

283 3717 316 3769 77
331 3701 420 3750 Docet
431 3694 573 3761 Horatius,
586 3694 720 3769 quomodo
734 3695 806 3750 adu·
840 3718 875 3752 ex
886 3701 987 3754 animo.

246 3783 343 3837 latores
354 3781 456 3852 possint
466 3781 601 3850 cognosci.
615 3781 649 3848 78
660 3777 759 3833 Alicui.
875 3782 910 3834 88
920 3779 1183 3855 poculis-explorare.
1195 3782 1229 3852 89
1237 3779 1349 3846 Vinum
1360 3783 1402 3833 in·

282 3883 318 3940 79
326 3861 368 3918 'sd
378 3880 468 3915 versus
479 3860 525 3914 abs
535 3874 561 3913 te
570 3862 689 3934 scriptos.
697 3863 733 3914 8ο
744 3864 805 3916 Te·
839 3867 977 3939 geniorum
986 3863 1047 3919 lene
1058 3880 1098 3918 est
1106 3878 1276 3919 tormentum.

245 3965 309 4002 eum
316 3944 447 4010 adducere
453 3942 712 4020 adulatoremlsstitis
719 3943 806 4023 affec:
874 3965 909 4021 9⁰
924 3947 1016 4020 Animi
1028 3946 1225 4020 d010552t⁸ffis
1241 3942 1383 4014 insidiosi.
