2842 4750
226 312 296 387 ¹92
614 299 983 374 Q..110RAT11

316 437 357 525 ‚¹3
376 432 612 539 spectandus
638 435 680 509 in
704 432 916 510 certamine
941 430 1114 524 Mamm,

271 642 274 649 ,
322 566 476 642 Devota
499 561 615 637 morti
640 577 796 664 pectora
817 558 954 637 liherae

373 684 536 790 Quantis
558 684 741 787 fatigaret
763 682 912 776 ruinis,

347 807 349 811 ’
424 826 458 876 14
481 808 694 885 Indomitas
716 835 833 913 prope
858 808 984 912 qualis
1006 807 1129 884 undas
1211 880 1213 885 ,

322 942 357 994 15
379 940 544 1015 Exercet
563 939 732 1029 Auster,
757 939 789 987 ¹⁶
813 936 1024 1014 Pleiadum
1038 934 1164 1010 ¹choro

325 1062 533 1141 Scindente
554 1060 704 1154 nubes,
726 1060 895 1164 impiger
910 1060 1079 1137 hostium

374 1188 531 1267 Vexare
551 1199 726 1275 turmas,
753 1201 792 1259 et
810 1184 1039 1260 frementem
1166 1169 1169 1175 ⁵

425 1307 584 1386 Mittere
609 1335 755 1411 equum
777 1324 810 1375 17
832 1306 980 1384 medios
1002 1334 1071 1410 per
1092 1304 1213 1408 ignes.¹

323 1436 390 1513 Sic
410 1431 648 1510 tauriformis
669 1431 840 1508 volvitur
861 1432 894 1482 1⁸
916 1431 1108 1523 Aufidus,

321 1559 401 1663 Qui
424 1572 597 1660 regna19
619 1554 755 1633 Dauni
779 1555 945 1660 praefluit
969 1555 1145 1660 Appuli,

373 1700 409 1737 ²⁰
426 1685 527 1761 Cum
549 1681 685 1775 saevit,
706 1680 1017 1786 horrendamque
1043 1679 1156 1757 cultis

422 1804 628 1881 Diluviem
653 1818 685 1854 11
710 1804 922 1881 meditatur
945 1802 1069 1908 agris;

307 1933 381 2009 ⁶Ut
402 1928 658 2006 barbarorum
680 1943 716 1980 11
739 1929 935 2013 Claudius,
952 1926 1112 2031 agmina

310 2054 358 2113 '23
376 2060 536 2134 Ferrata
554 2071 662 2130 vasto
685 2054 806 2130 diruit
828 2055 1004 2156 impetu,

375 2199 410 2249 ²4
424 2180 654 2282 Primosque
679 2196 718 2256 et
741 2197 929 2258 extremos
952 2178 1162 2271 metendo,

423 2307 457 2357 2⁵
477 2304 621 2383 Stravit
639 2304 829 2409 humum,
854 2306 936 2384 sine
955 2304 1065 2391 clade
1083 2304 1237 2398 victor,

324 2439 385 2514 Te
409 2430 564 2536 capias,
589 2446 627 2505 te
654 2430 885 2523 consilium,
911 2447 950 2508 et
974 2446 1058 2507 tuos

324 2562 359 2613 ²⁶
379 2554 581 2635 Praehente
603 2555 737 2633 Divos.
760 2558 865 2632 Nam
887 2554 987 2648 tibi,
1012 2571 1048 2623 27
1071 2582 1148 2659 quo
1172 2553 1236 2629 die

224 2694 287 2748 tuis.
310 2685 341 2740 13
360 2684 467 2755 Dignus
482 2719 492 2745 ,
513 2681 560 2751 qui
578 2663 741 2752 spectaretur
758 2681 789 2733 in
824 2682 975 2753 mugitum,
989 2678 1033 2734 vel
1047 2659 1119 2753 qudd
1131 2677 1262 2733 imbribus
1277 2689 1388 2746 auctus,⁴

224 2774 314 2839 bello,
328 2766 434 2843 quantis
448 2765 551 2828 ruinis,
568 2776 596 2816 et
609 2760 731 2815 cladibus
743 2762 789 2815 fa·
823 2762 919 2817 relicto
934 2781 982 2816 suo
1001 2762 1098 2828 alveo,
1114 2761 1269 2816 exundabat
1283 2766 1385 2837 saepius.

223 2862 321 2934 rigaret
345 2849 499 2905 Rhaetorum
525 2860 650 2918 pectora,
673 2860 789 2900 mortem
828 2867 861 2919 ¹9
876 2848 967 2900 Dauni
985 2845 1152 2919 Appulorum
1167 2848 1245 2920 regis.
1263 2863 1300 2898 20
1317 2847 1386 2902 Cum

225 2960 283 2997 non
298 2933 422 2992 timentia
437 2942 543 3003 propter
558 2927 719 2983 libertatem.
824 2949 887 2983 eum
902 2929 1007 2982 auxerit
1023 2927 1138 2983 coelestis
1154 2929 1250 2983 imber.
1271 2947 1303 2982 αι
1320 2930 1386 2992 Me-

266 3031 297 3088 ¹4
310 3016 438 3073 Ordoest
452 3030 459 3062 z
472 3009 597 3064 Tiberius
607 3024 663 3063 tam
675 3013 788 3085 impiger
822 3012 960 3086 taphorice
988 3027 1054 3077 eet,
1082 3010 1098 3062 i
1123 3031 1151 3064 re
1174 3013 1322 3080 animata,
1354 3011 1386 3066 ad

223 3123 323 3161 vexare
348 3098 466 3153 hostium
488 3109 613 3160 turmas,
635 3109 663 3148 et
680 3097 787 3151 mittere
823 3098 1009 3149 inanimatam.
1034 3092 1089 3148 Alii
1105 3094 1217 3168 legunt,
1235 3096 1385 3150 minitatur.

177 3253 179 3258 ι
223 3190 386 3248 Rementem
402 3197 500 3253 equum
510 3196 558 3251 per
576 3175 680 3231 medios
694 3180 786 3251 ignes,
859 3197 894 3232 22
907 3177 1031 3232 Tiberius
1044 3178 1127 3231 Nero.
1142 3177 1176 3230 23
1189 3178 1306 3250 Agmina
1319 3180 1388 3234 ferro

225 3269 311 3347 qualis
334 3258 528 3339 propemodum
550 3276 590 3313 est
611 3261 706 3315 Auster
724 3280 787 3314 cum
824 3276 851 3316 et
859 3264 939 3316 armis
949 3264 1061 3315 munita.
1078 3260 1220 3328 24Totam
1231 3264 1323 3316 aciem
1334 3283 1389 3318 ca·

160 3397 163 3414 ,
225 3353 312 3409 undas
325 3361 450 3409 exercet,
465 3342 603 3397 Pleiadum
615 3344 697 3398 choro
710 3348 787 3398 scin-
823 3342 922 3398 dendo.
942 3344 987 3398 sic
1010 3345 1085 3416 Virg.
1111 3344 1250 3398 Proxima
1274 3366 1390 3418 qumque

225 3437 307 3491 dente
317 3431 411 3485 nubes.
428 3427 667 3500 15AgitatAuster.
683 3427 715 3479 16
723 3429 788 3481 Ver·
823 3435 902 3480 metit
922 3427 1034 3499 gladio.
1064 3428 1097 3481 25
1118 3427 1233 3499 Operuit
1252 3427 1372 3482 humum
1379 3467 1390 3494 ,

220 3520 348 3595 >gidarum
365 3526 437 3565 ortus
456 3524 483 3564 et
501 3528 610 3564 occasus
624 3509 731 3582 pluvius
749 3524 789 3563 est
823 3512 908 3563 victor
926 3514 983 3564 sine
999 3510 1054 3564 ulta
1069 3530 1177 3564 suorum
1192 3510 1313 3565 militum
1329 3514 1391 3584 jae-

221 3619 254 3659 et
276 3611 491 3672 tempestuosus,
521 3592 639 3646 nubibus
663 3592 678 3644 i
706 3608 787 3646 vento
822 3605 891 3646 tura.
909 3594 943 3647 26
959 3596 1000 3648 Te
1016 3593 1202 3667 suppeditante
1214 3597 1304 3648 Divos
1312 3610 1391 3664 tuos,

224 3687 322 3741 scissis.
349 3700 380 3753 ¹7
400 3681 451 3734 Per
469 3676 590 3730 medium
611 3696 707 3750 pugnae
729 3676 787 3731 fer·
821 3675 922 3743 idest,
941 3679 1028 3732 Diras
1047 3678 1096 3731 tibi
1112 3677 1242 3730 faventes.

224 3787 327 3823 vorem.
858 3778 892 3831 27
905 3758 1024 3826 Eodem,
1033 3760 1187 3834 quaeifatali
1195 3760 1255 3828 die,
1266 3760 1392 3817 Alexan-

264 3852 296 3904 18
314 3846 424 3903 Aufidus
439 3840 542 3916 Apuliae
560 3840 673 3909 fluvius,
689 3840 788 3895 dicitur
823 3842 881 3896 dria
896 3843 929 3897 ab
942 3845 1061 3917 Augusto
1074 3844 1125 3897 fuit
1136 3858 1231 3917 capta,
1244 3864 1300 3917 quo
1313 3848 1392 3900 Dru-

223 3932 418 4000 mauritanis,
431 3940 538 4001 propter
550 3927 607 3998 ejus
616 3927 747 3999 impetum
761 3941 788 3982 et
823 3944 866 3981 sus
881 3924 1039 3982 Vindelicos
1050 3930 1200 4001 superavit,
1214 3929 1297 3982 tertio
1308 3928 1393 3985 lustro
