2842 4750
202 369 267 422 nn
323 360 475 421 narn
529 361 787 420 r'oarrct
839 367 1026 423 erosit.
1119 346 1195 446 473

38 498 73 550 66
92 497 217 573 Omne
233 523 517 600 supervacuum
535 486 648 599 pleno
663 497 697 547 66
719 497 767 572 de
787 512 939 598 pectore
961 513 1107 576 manat.

36 622 150 700 Ficta
169 621 374 724 voluptatis
396 623 538 713 cdusa,
563 622 596 688 57
619 621 694 697 sint
714 621 889 722 proxima
908 619 1031 696 veris:

36 748 78 823 N
81 774 149 839 ec,
167 747 439 850 quodcumque
458 745 561 822 voiet
575 784 590 837 ‚>
604 746 636 796 ⁵3
651 765 781 849 poscat
794 745 870 822 sibi
889 745 1023 820 fabula
1041 745 1146 819 credi
1163 779 1175 840 3
1193 838 1198 850 ἡ

36 868 72 937 ⁵9
90 872 179 946 Neu
195 897 340 972 pransae
357 870 507 953 Lamiae
524 872 660 947 vivum
678 898 839 972 puerum
855 869 1032 946 extrahat
1050 866 1151 945 aive.

35 994 72 1045 ⁶0
87 994 283 1071 Centuriae
296 994 488 1071 seniorum
503 993 652 1096 agitant
666 994 838 1095 expertia
856 991 976 1095 frugis
993 1028 1007 1085 ;

36 1123 69 1172 ⁶¹
90 1121 191 1199 Celsi
209 1138 439 1226 praetereunt
453 1138 604 1197 austera
619 1129 797 1224 poemata
814 1123 847 1172 ⁶²
863 1120 1065 1197 Rhamnes
1082 1152 1094 1199 :

36 1245 71 1296 ⁶³
88 1246 215 1321 Omne
229 1244 318 1321 tulit
331 1263 519 1349 punctum
533 1303 545 1337 ‚
559 1245 627 1348 qui
642 1245 798 1321 miscuit
815 1244 910 1319 utiie
927 1245 1031 1320 dulci
1047 1303 1060 1337 ‚

37 1371 244 1447 Lectorem
261 1369 514 1463 delectando,
531 1371 751 1474 pariterque
768 1372 972 1448 monendo.

38 1496 73 1560 ⁶4
90 1496 167 1576 Hic
184 1512 306 1572 meret
321 1523 396 1571 aera
411 1495 513 1572 iiber
526 1498 559 1547 ⁶⁵
575 1497 688 1572 Sosiis
704 1531 715 1589 ;
729 1496 795 1571 hie
811 1511 849 1571 et
864 1523 971 1571 mare
989 1498 1023 1548 66
1038 1496 1194 1589 transit,

38 1616 89 1693 Et
111 1617 267 1721 longum
288 1636 378 1696 noto
398 1619 572 1722 scriptori
594 1623 628 1688 ⁶7
647 1636 825 1724 prorogat
845 1649 986 1698 aevum.

38 1740 73 1791 66
85 1742 185 1818 Sunt
205 1742 347 1819 delicta
364 1761 516 1835 tamen,
532 1744 674 1847 quibus
691 1744 882 1845 ignovisse
902 1747 935 1812 ⁶9
954 1738 1142 1819 velimus:

38 1865 143 1940 Nam
169 1893 297 1969 neque
325 1883 359 1935 70
382 1852 527 1943 chorda
552 1895 687 1944 sonum
716 1858 872 1959 reddit,
907 1883 937 1934 71
962 1894 1080 1969 quem
1110 1865 1195 1943 vuit

10 2084 13 2093 .
234 2019 372 2069 manus
394 2008 432 2068 et
450 2020 579 2083 mens,

36 2130 70 2181 7²
89 2118 346 2221 Poscentique
367 2147 526 2222 gravem
542 2149 709 2225 persaepe
723 2123 756 2190 73
771 2121 935 2198 remittit
953 2137 1133 2227 acutum3

36 2242 125 2316 Nec
139 2240 291 2351 semper
304 2259 338 2310 74
352 2244 465 2320 feriet
478 2245 748 2348 quodcumque
765 2247 798 2314 75
815 2245 1030 2322 minabitur
1044 2236 1166 2322 arcus.

32 2365 189 2442 Verum
205 2366 274 2442 ubi
292 2369 326 2434 7⁶
339 2368 450 2472 plura
466 2369 591 2447 nitent
604 2370 646 2445 in
665 2370 861 2463 carmine,
885 2399 961 2446 non
975 2397 1046 2472 ego
1061 2367 1194 2471 paucis

35 2490 227 2567 Offendar
243 2509 276 2560 77
291 2492 476 2585 maculis,
496 2494 591 2598 quas
606 2512 674 2570 aut
686 2495 721 2562 78
736 2494 885 2570 incuria
905 2494 1034 2587 fudit,

39 2666 41 2670 ’
71 2665 107 2719 56
119 2667 187 2737 Quae
198 2687 359 2743 supervacua
370 2686 449 2735 sunt,
463 2671 596 2752 effluente
630 2671 765 2746 appellati.
779 2673 814 2727 63
821 2673 956 2728 Omnibus
966 2691 993 2729 et
1004 2692 1098 2730 senum
1109 2689 1137 2731 et
1145 2675 1194 2747 ju*

33 2751 165 2802 memoria
182 2771 291 2806 necesse
309 2768 358 2807 est.
377 2754 412 2807 56
432 2756 531 2809 Pectus
544 2774 596 2828 pro
631 2776 730 2810 venum
738 2756 866 2829 suffragiis
874 2762 1103 2830 praestantissimus
1111 2761 1193 2812 Poeta

33 2838 170 2884 memoria
181 2841 306 2905 ponitur.
324 2836 405 2889 Hunc
414 2855 518 2891 versum
535 2857 598 2891 sus·
631 2839 780 2911 judicatur,
798 2844 843 2913 qui
865 2840 953 2894 dulcis
966 2857 1006 2896 est
1024 2846 1053 2895 iu
1070 2852 1195 2914 poemate

36 2926 145 2984 pectum
155 2928 182 2967 et
191 2915 378 2988 interpolatum
389 2932 462 2987 putat
471 2920 560 2974 Benti.
632 2939 659 2975 et
668 2922 749 2977 utilis.
763 2924 797 2990 64
809 2924 958 2978 istiusmodi
971 2934 1065 2998 poema
1077 2927 1193 2997 pretium

49 2995 55 3000 ’
74 2993 108 3063 57
119 2995 281 3049 verisimilia
292 3017 349 3052 esse
362 2998 469 3053 debent.
482 3003 515 3054 58
527 3002 595 3056 Pos-
630 3022 749 3060 metetur
761 3022 788 3061 et
800 3006 896 3061 muitos
906 3011 1004 3080 reperit
1015 3024 1155 3081 emptores.

34 3074 105 3128 tolet
122 3075 172 3131 sibi
191 3078 280 3147 credi,
294 3079 392 3147 idest,
407 3082 596 3158 eudeutspee-
666 3089 700 3142 65
721 3089 879 3162 Bibliopoiis
899 3109 946 3143 seu
968 3090 1137 3163 scriptoribus
1157 3089 1194 3144 ii-

33 3174 152 3212 tatortrm
161 3160 246 3215 oculis
254 3178 332 3236 atque
342 3165 447 3218 auribus
456 3166 594 3239 subjicere.
630 3169 1194 3243 brariis.66Adexterasnationes.67Natu

34 3241 73 3313 59
86 3241 164 3296 Neve
178 3242 260 3318 fingat
274 3246 355 3300 Poeta
372 3249 492 3301 Lamiam
509 3248 595 3303 dero-
631 3247 786 3325 praestantes*
794 3256 882 3309 Poetae
890 3258 971 3309 etiam
980 3258 1193 3309 morutivivunt.

35 3324 106 3377 risse
114 3325 344 3402 iniantem‚atque
354 3329 478 3384 eumdem
484 3351 596 3405 puerum
667 3335 709 3389 68*
721 3337 789 3390 Sunt
804 3338 925 3411 quaedam
940 3340 1080 3392 Po'e'tmnm
1095 3349 1194 3393 errata.

37 3407 98 3461 aivo
125 3410 217 3464 virum
245 3412 324 3466 fuisse
350 3429 515 3487 exemptum.
535 3416 595 3470 Hoc
631 3416 666 3489 69
676 3421 809 3490 ignovisse
819 3437 931 3494 oportet.
942 3422 1023 3491 7oUt
1033 3423 1131 3475 Musici
1141 3419 1210 3496 nli·x

38 3492 110 3543 enim
122 3491 271 3548 abhorrete
281 3494 332 3549 iide
342 3512 369 3550 et
380 3513 483 3550 nature.
630 3501 738 3574 quaudo
751 3519 855 3569 errant,
868 3508 906 3558 sic
918 3508 998 3559 etiarn
1010 3506 1107 3559 Poetoe.
1187 3529 1193 3538 ¹

72 3572 107 3625 60
122 3574 206 3629 Senes
216 3578 328 3631 Romani
341 3594 514 3651 aspernantur
531 3589 596 3652 poe·
667 3604 697 3656 7¹
706 3581 817 3660 'donum
830 3607 909 3660 quem
921 3607 1016 3642 marrus
1031 3602 1058 3640 et
1070 3585 1195 3641 voluutas

35 3673 107 3711 meta
122 3659 237 3713 inutilia.
255 3661 374 3715 Alludit
384 3662 424 3714 act
434 3671 594 3728 centurias,
631 3667 742 3738 expetit.
757 3686 791 3737 72
803 3670 967 3725 Citharoedo.
985 3670 1020 3739 73
1034 3666 1130 3720 Reddit
1142 3684 1192 3720 so-

37 3747 68 3792 in
79 3760 149 3813 qum
161 3745 283 3814 singulte
295 3744 384 3796 tribur
395 3760 476 3797 erant
487 3745 594 3799 divisor.
630 3763 696 3800 nutu
706 3765 823 3803 acutum.
835 3763 867 3821 74
878 3752 1040 3826 Sagittarius.
1051 3749 1194 3822 75Q¹1⁰d2

36 3823 596 3883 61iuvenesexcelsoanimocontemnunt
631 3847 746 3902 euinque
759 3849 834 3887 arcus
847 3834 992 3888 minabitur
1003 3831 1091 3885 ferire.

38 3914 157 3977 ροὸιηαῐα
168 3906 252 3960 muita
261 3907 396 3981 voluptate
408 3910 526 3964 condita.
666 3913 701 3983 76
714 3913 792 3968 Piera
802 3931 967 3970 ornamenta.
979 3933 1012 3984 77
1022 3916 1134 3985 Erratis.

72 3989 111 4045 62
126 3990 234 4064 Equites
257 3992 405 4046 Romania
427 3991 539 4050 Romuio
557 3995 596 4050 sie
667 3995 701 4068 78
717 3997 783 4070 Quo
797 4014 896 4053 temere
910 3997 1098 4071 diiunctum.¹

165 4072 169 4094 i
