2842 4750
248 287 350 387 466Χ
636 303 676 373 a
729 305 1008 360 nostru

246 437 343 513 Mox
361 431 480 508 etiam
498 444 665 533 agrestes
682 430 869 532 Satyros²
888 430 1075 523 nudavit,
1092 431 1107 483 ³
1125 450 1162 510 et
1179 461 1292 540 asper

244 580 263 630 4
279 559 471 640 Incolumi
487 558 679 663 gravitate
697 555 828 654 jocum
847 560 1036 651 tentavit;
1053 586 1099 636 eo
1118 563 1225 662 quod

246 684 450 763 Illecehris
470 699 576 775 erat,
594 697 632 757 et
651 699 762 786 grata
780 682 953 759 novitate
972 683 987 732 ⁵
1004 686 1213 783 morandus

245 812 467 914 Spectator,
484 809 501 859 ⁶
517 807 754 909 functusque
773 806 912 898 sacris,
929 822 967 882 et
984 822 1120 909 potus,
1137 825 1174 883 et
1192 807 1320 888 exlex,

246 937 399 1014 Verum
414 933 471 1008 ita
488 949 504 1000 7
521 930 681 1023 risores,
697 931 754 1006 ita
770 930 788 981 3
805 932 1079 1011 commendare
1098 931 1256 1011 dicaces

246 1056 464 1136 Conveniet
478 1056 660 1159 Satyros,
675 1071 691 1125 9
709 1054 766 1131 ita
783 1072 934 1135 vertere
953 1055 1055 1133 seria
1073 1057 1167 1133 ludo
1178 1116 1198 1148 ,

246 1182 1393 1292 Ne,quicumqueDeus,quicumque1⁰adhibebiturheros,

245 1313 389 1418 Regali
404 1327 627 1414 conspectus
642 1309 690 1417 in
702 1338 797 1387 auro
813 1325 843 1362 11
861 1337 986 1413 nuper
1003 1326 1042 1388 et
1058 1325 1184 1400 ostro,
1262 1380 1271 1395 ,

244 1454 278 1491 1²
299 1438 446 1540 Migret
467 1435 509 1511 in
527 1434 710 1512 obscuras
733 1434 877 1510 humili
899 1462 1073 1512 sermone
1096 1432 1303 1527 tabernas;

234 1548 355 1654 ⁴Aut,
372 1562 404 1612 1³
421 1561 516 1636 dum
536 1558 635 1635 vitat
652 1560 841 1655 humum,
858 1559 986 1637 nubes
1001 1577 1041 1635 et
1058 1556 1194 1635 inania
1208 1575 1347 1663 captet.

244 1704 279 1753 ¹4
298 1685 467 1762 Effutire
486 1684 592 1760 leves
608 1682 771 1788 indigna
793 1683 1004 1786 Tragoedia
1025 1711 1185 1773 versus,

200 1814 202 1817 ’
245 1814 302 1888 Ut
321 1810 427 1888 festis
444 1826 622 1887 matrona
641 1810 673 1862 1⁵
693 1810 842 1888 moveri
860 1809 962 1907 jussa
980 1809 1143 1900 diebus,

242 1935 430 2017 intererit
444 1934 591 2037 Satyris
606 1933 769 2038 paulum
785 1933 1015 2039 pudibunda
1036 1936 1236 2039 protervis.

243 2067 334 2144 Non
352 2093 423 2167 ego
442 2042 691 2157 ¹⁶⁴inornata,
708 2079 748 2139 et
764 2078 797 2131 Ι7
812 2063 1053 2139 dominantia
1068 2063 1230 2140 nomina
1247 2061 1378 2155 solnm,

235 2190 485 2295 Verbaque,
504 2188 683 2282 Pisones,
701 2187 735 2239 ¹⁸
750 2187 978 2292 Satyrorum
994 2186 1180 2290 scriptor,
1196 2186 1362 2283 amabo;

244 2313 1108 2424 mmmmmemfflwffimmmh

243 2445 298 2519 Ut
311 2441 414 2519 nilril
431 2441 602 2534 intersit,
620 2455 655 2493 ²0
672 2440 857 2517 Davusne
877 2439 1084 2544 loquatur,
1107 2456 1147 2514 et
1166 2441 1305 2518 audax
1410 2465 1411 2470 ’

267 2638 298 2673 ‚2
309 2620 416 2692 Satyros
424 2616 511 2674 nudos
520 2615 671 2673 introduxit
679 2617 769 2675 verbis
778 2633 806 2674 et
839 2619 1019 2681 intumescat,
1034 2631 1145 2691 captans
1158 2635 1261 2691 magna
1275 2639 1352 2696 supra
1362 2622 1391 2672 ri·

243 2701 363 2758 moribus
374 2702 507 2756 obscoenis
522 2704 606 2756 risum
619 2718 768 2757 moventes.
839 2721 899 2770 tes,
913 2705 988 2776 quasi
998 2701 1166 2756 internubes
1182 2716 1211 2755 et
1223 2702 1329 2758 coelum
1344 2723 1389 2757 rer·

279 2786 297 2839 3
313 2787 411 2840 Primo.
421 2803 498 2856 asper
510 2787 540 2837 in
558 2783 721 2857 Tragoedia,
740 2804 805 2839 mox
839 2802 909 2838 sans.
923 2787 1054 2858 rtlnepte
1061 2782 1144 2857 loqui.
1152 2783 1231 2838 Ordo
1238 2801 1269 2839 et
1276 2791 1389 2841 sententis

241 2870 413 2944 asperitatem
429 2867 532 2922 facetiis
550 2866 682 2923 condivit.
694 2878 713 2937 4
725 2867 805 2924 Salva
838 2867 981 2921 verborum
992 2866 1050 2922 hac
1060 2882 1108 2921 est.
1122 2867 1271 2940 Tragoedia
1284 2891 1343 2943 quse
1357 2873 1388 2922 io·

237 2957 369 3029 gravitate
382 2950 541 3025 Tragoedias.
838 2947 920 3024 digna
929 2965 983 3016 est,
992 2952 1023 3002 in
1030 2968 1083 3023 qua
1092 2968 1182 3003 versus
1191 2948 1269 3004 leves
1280 2956 1388 3006 emittar·

278 3034 489 3106 §Delectandus
508 3035 644 3104 novitate,
662 3055 721 3110 que
737 3034 805 3091 solet
839 3045 897 3097 tur,
910 3033 1046 3099 intererit,
1063 3030 1092 3086 id
1107 3046 1163 3099 est,
1177 3034 1333 3089 versabitur
1340 3038 1391 3088 intu

243 3139 301 3176 esse
314 3120 440 3174 omnibus
457 3120 616 3192 gratissima.
629 3118 647 3172 6
658 3119 721 3173 Post
730 3137 805 3173 sacre
838 3128 938 3189 satyras
947 3114 1020 3171 velut
1028 3114 1126 3189 pudica
1139 3115 1271 3181 foemina,
1281 3139 1343 3192 qurs
1351 3137 1392 3170 non

242 3218 272 3259 et
283 3200 375 3276 epulas
385 3202 474 3257 ebrius
483 3217 511 3256 et
521 3203 579 3256 sine
591 3200 651 3273 lege
663 3202 767 3256 civem.
838 3201 891 3252 nisi
903 3214 996 3253 coacta
1008 3200 1081 3253 festis
1091 3197 1187 3253 diebus
1198 3200 1312 3257 modice
1323 3201 1395 3256 saltat.

278 3285 396 3360 JSatyri
413 3284 540 3339 dicuntur
551 3286 663 3352 risores,
677 3284 721 3339 vel
732 3283 805 3360 quod
843 3282 873 3337 15
888 3281 1023 3338 Saltare..
1407 3347 1408 3352 Ἰ

236 3373 323 3427 risum
338 3383 480 3433 moveant,
496 3367 540 3422 vel
553 3366 626 3441 quod
640 3387 684 3422 res
697 3369 805 3423 rideant
879 3367 910 3421 16
927 3367 1046 3421 Nomina
1061 3366 1238 3441 simplicitet
1253 3368 1408 3448 iamdiu,

239 3454 382 3509 humanas.
390 3453 408 3505 8
412 3451 571 3506 Auditorum
577 3452 695 3507 auribus.
703 3473 722 3526 9
731 3453 803 3507 Poe-
842 3470 872 3523 ¹7
886 3452 1005 3505 Nomina
1013 3453 1134 3525 proptia,
1147 3472 1206 3526 quae
1216 3453 1250 3506 in
1261 3472 1316 3507 suo
1328 3471 1398 3507 sensu

237 3553 286 3591 rna
300 3538 398 3592 serium
412 3535 478 3605 jocis
491 3538 610 3608 satyricis
622 3537 803 3590 itaeomrnis·
838 3533 1025 3602 dominantur,
1037 3555 1094 3588 non
1108 3534 1218 3609 expulsa
1230 3534 1267 3590 de
1280 3536 1349 3592 sede
1361 3552 1399 3589 sua

233 3639 311 3676 cere.
330 3638 361 3672 ιο
370 3621 402 3673 ln
411 3617 554 3693 Tragoedia
563 3617 757 3674 introducetur.
837 3617 853 3670 d
865 3621 1014 3688 translatis,
1026 3618 1115 3692 qualia
1126 3633 1188 3672 sunt
1200 3619 1284 3673 verba
1294 3620 1335 3674 ad
1349 3623 1400 3673 Vs·

269 3724 297 3755 tt
310 3701 473 3756 Pauloante.
488 3719 519 3754 12
528 3703 571 3761 Ne
580 3717 669 3756 utatur
678 3720 801 3756 sermone
836 3719 929 3756 nerem
944 3703 1107 3775 spectantis,
1120 3716 1150 3755 ut
1161 3702 1308 3770 Mentula,
1324 3704 1399 3759 Con·

234 3785 335 3840 humili
348 3802 374 3840 et
386 3785 506 3857 abjecto,
520 3784 605 3858 qualis
618 3800 659 3839 est
671 3785 800 3840 taberna·
835 3804 887 3838 nus
897 3825 905 3850 ,
917 3801 946 3839 et
962 3786 1069 3839 similia.
1087 3788 1118 3840 ι8
1133 3785 1162 3840 Si
1180 3805 1230 3860 ego
1249 3787 1363 3860 Satyros
1377 3791 1408 3879 iny

234 3871 338 3927 riorum
357 3882 386 3921 et
404 3857 530 3940 opificum
548 3870 641 3922 oratio.
669 3868 700 3920 13
724 3870 801 3921 Dum
835 3866 979 3941 Tragoedia
997 3867 1150 3924 scriberem.
1187 3890 1219 3942 ¹9
1248 3872 1274 3923 A
1303 3873 1401 3945 tragica

236 3951 371 4006 vomicam
383 3949 565 4010 humilitatem
578 3949 800 4017 reformidar,ne
835 3951 1072 4027 magniloquentia.
1106 3971 1141 4008 ao
1164 3952 1262 4008 Utrum
1285 3956 1384 4009 Davus

1404 4127 1406 4184 l
