2842 4750
309 326 644 386 canu—tuost
692 308 950 381 uru.1'11'.
1148 303 1219 389 roi

255 446 399 552 Martis
425 443 535 547 equis
556 441 781 533 Acheronta
809 438 936 541 fugit,

160 570 195 622 ¹⁶
217 572 380 648 Gratum
404 572 555 679 elocuta
581 587 613 638 ¹7
637 566 932 646 consiliantibus

155 698 184 772 J
187 728 310 775 unone
334 700 448 778 divis.
471 700 504 751 18
526 698 652 789 llion,
674 695 802 787 Ilion,

207 841 240 892 ¹9
265 824 411 915 Fatalis
433 824 676 927 incestusque
700 821 849 920 judex,
936 856 939 863 ¹

127 1006 129 1009 -
216 1018 220 1027 ,
257 958 292 997 22
315 947 366 1044 Et
387 946 530 1022 mulier
550 942 751 1049 peregrina
773 942 891 1019 vertit

92 1136 94 1140 ,
155 1070 204 1144 In
229 1068 454 1171 pulverem,
478 1085 510 1120 ²1
538 1097 585 1145 ex
611 1098 688 1172 quo
717 1062 893 1145 destituit'
918 1068 1046 1162 Deos,

156 1193 344 1270 Mercede
369 1210 508 1295 pacta,
534 1193 788 1284 Laomedon,
813 1191 916 1267 mihi

208 1318 411 1421 Castaeque
437 1335 470 1369 22
495 1319 724 1394 damnatum
746 1317 940 1395 Minervae

150 1437 158 1449 ⁴
254 1422 354 1518 Cum
379 1440 541 1544 popule,
567 1457 606 1517 et
626 1443 660 1494 ²3
684 1442 784 1518 duce
808 1439 1067 1521 fraudulento.

155 1565 251 1639 Jam
275 1591 347 1641 nec
372 1566 549 1640 Lacaenae
572 1563 748 1668 splendet
771 1564 957 1640 adulterae
998 1628 1020 1650 x

154 1681 192 1754 24
216 1690 247 1764 F
249 1680 399 1764 amosus
421 1687 582 1792 hospes,
614 1717 689 1764 nec
710 1688 859 1766 Priami
884 1689 1021 1764 domus

206 1815 240 1866 2⁵
267 1809 451 1915 Perjura,
476 1794 675 1920 pugnaces
701 1817 877 1917 Achivos

256 1941 299 2036 ²⁶,
314 1941 513 2018 Hectoreis
538 1942 676 2049 opibus
700 1944 914 2048 refringit:

157 2063 383 2168 Nostrisque
408 2083 442 2134 27
468 2068 630 2144 ductum
653 2069 912 2147 seditionibus

155 2187 310 2266 Bellum
323 2191 485 2268 resedit.
512 2192 548 2242 28
573 2193 753 2269 Protinus
776 2210 814 2268 et
837 2170 975 2297 graves

206 2315 313 2407 Iras,
336 2331 374 2391 et
400 2298 572 2412 invisum
594 2334 627 2386 ²9
652 2334 859 2423 nepotem,

257 2442 403 2514 Troica
428 2469 547 2543 quem
571 2444 722 2546 peperit
745 2444 948 2537 sacerdos,

156 2566 191 2618 30
213 2564 336 2640 Marti
364 2565 573 2647 redonabo.
597 2569 718 2645 lllum
743 2596 814 2671 ego
836 2567 988 2646 lucidas

60 2731 86 2770 et
100 2713 136 2768 ad
150 2732 258 2786 superos
272 2714 365 2766 evasit.
389 2714 420 2767 16
438 2716 545 2771 Junone
563 2737 621 2773 rem
656 2717 725 2772 mihi
740 2732 768 2771 et
780 2717 914 2772 Minervae
928 2717 1101 2787 damnatum,
1114 2737 1224 2797 propter

60 2815 159 2872 gratam
183 2798 246 2851 Diis
271 2795 397 2863 elocuta,
422 2798 495 2871 quod
516 2816 621 2856 veteres
655 2803 781 2872 injuriam
790 2800 1221 2877 nobisillutaminmalcpulchri·

59 2882 213 2934 inimicitias
226 2899 261 2933 ex
275 2882 365 2933 animo
378 2882 433 2952 jam
445 2880 619 2955 deposuisset.
654 2882 757 2937 tudinis
768 2886 868 2937 Veneri
880 2883 953 2940 dato.
966 2886 1001 2940 25
1013 2886 1208 2943 Laomedonte.

62 2985 91 3035 ¹7
104 2967 183 3018 Divis
197 2964 341 3018 consilium
353 2963 516 3018 habentibus
526 2966 560 3020 de
576 2974 620 3022 re·
690 2976 725 3033 24
748 2966 821 3020 Paris
842 2967 950 3021 infamis
974 2968 1070 3041 hospes
1093 2969 1218 3027 Helenae.

57 3046 182 3121 cipiendo
200 3046 315 3101 Romulo
331 3049 361 3099 in
378 3065 521 3101 numerum
537 3051 618 3103 Deo·
654 3050 688 3104 26
716 3051 825 3122 Periura
846 3091 854 3117 ,
888 3067 997 3125 propter
1026 3052 1223 3110 Laomedontis

59 3151 128 3186 rum.
652 3132 785 3188 fraudem.
803 3134 838 3186 26
856 3135 982 3186 Hectoris
999 3133 1116 3188 auxiliis.
1133 3154 1167 3206 27
1183 3137 1222 3191 Et

105 3217 137 3267 28
157 3214 210 3267 Hic
231 3216 327 3288 incipit
347 3215 463 3267 Junonis
481 3216 566 3266 oratio
588 3216 618 3268 in
652 3213 756 3267 bellum
776 3217 873 3267 nostris
895 3214 1035 3269 discordiis
1058 3215 1222 3289 productum

58 3300 188 3353 Diuorum
202 3313 273 3350 coetu
285 3298 387 3351 habita.
409 3296 521 3370 19Paris
533 3297 550 3348 sl
560 3296 621 3350 istis
654 3297 684 3347 in
697 3296 861 3349 decennium
875 3296 988 3366 resedit,
1002 3298 1031 3352 id
1045 3314 1099 3369 est,
1112 3300 1222 3357 linitum

2 3399 6 3414 ·
59 3381 134 3433 datus
159 3380 242 3451 judex
267 3381 300 3434 de
322 3399 403 3433 aureo
427 3378 499 3432 malo
519 3381 622 3433 Veneri
654 3393 695 3431 est
709 3393 738 3431 et
751 3382 940 3452 compositum.

58 3463 129 3519 dato.
148 3482 183 3517 2ο
202 3466 240 3518 Et
256 3464 365 3519 Helena
384 3464 401 3515 ὲ
421 3462 515 3517 Paride
533 3479 617 3537 rapta.
690 3464 724 3514 28
739 3463 887 3537 Deinceps.
901 3482 937 3537 29
948 3464 1093 3519 Romulum
1104 3467 1224 3520 Junonie

59 3564 89 3599 21
101 3548 144 3601 Ex
159 3566 212 3619 quo
228 3562 364 3619 tempore,
375 3546 531 3599 Laomedon
545 3562 619 3617 pater
652 3560 780 3618 nepotem
790 3565 837 3618 per
847 3546 981 3614 Martem,
992 3551 1038 3620 qui
1051 3567 1114 3601 eum
1126 3549 1221 3620 genuit

59 3628 155 3681 Priami
182 3628 321 3692 destituit,
349 3628 379 3682 id
402 3643 461 3693 est,
487 3627 618 3682 fraudavit
653 3647 688 3682 ex
697 3626 755 3680 llia.
769 3629 804 3681 50
813 3628 895 3682 Marti
907 3629 1018 3683 reddum
1028 3646 1055 3684 et
1065 3631 1217 3693 remittam,

58 3714 185 3784 promissa
206 3710 330 3765 mercede
343 3715 439 3775 Deos,
461 3712 618 3784 Neptunum
652 3710 773 3783 quamvis
786 3714 860 3765 enim
875 3713 1004 3766 Romulus
1018 3715 1051 3766 sit
1068 3710 1103 3763 de
1119 3728 1218 3782 genere

61 3811 155 3867 nempe
171 3810 198 3848 et
209 3794 381 3869 Apollinem,
398 3797 442 3868 qui
455 3795 529 3847 Jovis
545 3796 617 3864 jussu
653 3795 793 3864 Trojano,
812 3796 896 3849 Marti
914 3812 1006 3849 tumen
1028 3792 1083 3845 lilio
1107 3809 1169 3843 meo
1189 3807 1219 3844 et

60 3875 234 3932 Laomedonti
254 3896 313 3930 suas
331 3895 423 3950 operas
442 3876 562 3930 locirant
583 3876 617 3931 ad
652 3879 720 3948 patri
739 3896 787 3932 suo
806 3875 973 3942 concedam,
989 3891 1020 3929 ut
1034 3870 1164 3927 Romulus
1182 3873 1223 3930 sit

60 3972 146 4012 muros
163 3962 296 4033 Troianos
313 3960 482 4016 extruendas.
499 3979 534 4015 22
548 3960 618 4016 llion
651 3960 755 4033 primus
770 3979 820 4015 rex
832 3962 1024 4014 Romanorum.
