2842 4750
318 259 659 314 cunnrnuu
709 259 963 315 L1,B.111.
1140 236 1219 336 159

148 400 179 458 5¹
204 407 318 481 Tunc
343 431 408 479 me
433 401 596 477 biremis
618 400 797 505 praesidio
820 400 853 450 ⁵2
878 401 1057 505 scaphae,

198 530 346 605 Tutum
369 555 439 630 per
464 527 614 628 AEgaeos
638 523 826 600 tumultus

246 654 359 732 Aura
385 653 511 746 feret,
536 652 569 704 ⁵3
592 652 849 755 geminusque
874 649 1023 726 Pollux.

86 850 118 906 51
133 849 261 918 Scilicet,
281 849 357 924 (hoc
373 850 476 904 ironice
490 847 613 924 dicitur)
648 851 776 904 futurum.
792 845 827 899 52
842 844 965 919 Scapha,
980 850 1145 918 perveneris
1158 865 1219 918 ειη

54 933 155 1008 quando
178 937 259 988 marie
280 931 400 1007 periculo
422 950 465 986 me
487 951 613 1006 expono,
649 949 701 1005 qua
715 945 773 983 tuto
783 929 908 1002 navigare
918 944 1005 1003 potest
1015 949 1096 984 nemo
1106 934 1135 984 in
1150 936 1218 989 mari

55 1031 114 1071 tunc
126 1018 200 1072 Aura
215 1033 242 1072 et
253 1017 375 1089 geminus
388 1014 484 1069 Pollux
493 1015 561 1069 feret
570 1034 613 1068 me
651 1015 763 1086 AEgaeo.
1075 1018 1078 1023 “

54 1117 98 1171 per
111 1101 227 1176 AEgoeos
240 1098 370 1155 tumultus
387 1113 475 1152 tutum
490 1097 614 1171 praetidio
686 1097 721 1151 53
734 1097 828 1152 Castor
842 1110 870 1150 et
887 1094 1004 1167 Pollux,
1021 1100 1121 1173 gemini
1139 1103 1217 1172 neti,

55 1177 159 1252 biremis
182 1183 307 1258 tcaphae,
325 1181 398 1259 quod
415 1199 555 1258 nunquam
576 1197 617 1237 ert
650 1182 740 1237 nautii
752 1176 855 1248 favent,

65 1406 142 1482 AD
178 1406 623 1485 MELPOMENEM
656 1406 890 1484 MUSAM.
944 1406 1030 1483 Ode
1056 1403 1208 1487 XXX.

164 1636 399 1709 Carminium
422 1662 582 1737 suorum
602 1633 780 1735 gloriam
806 1652 997 1710 (eternam
1012 1632 1118 1732 fore.
1160 1675 1162 1679 .

150 1820 370 1933 ¹Exnor
394 1870 692 1929 monumentum
717 1881 792 1930 aere
819 1853 1052 1956 perennius,

148 1995 167 2032 ²
190 1978 414 2084 Regalique
438 1980 516 2056 situ
539 1979 794 2082 pyramidum
820 1978 961 2072 altius3

148 2105 270 2208 Quod
291 2133 371 2180 non
385 2103 511 2181 imber
529 2104 656 2197 edax,
683 2132 762 2180 uon
777 2090 926 2207 Aquilo
942 2105 958 2157 3
975 2104 1165 2209 impotens

148 2229 280 2310 Possit
304 2229 486 2323 diruere,
516 2245 585 2305 aut
608 2228 905 2306 innumerabilis

149 2370 169 2423 4
190 2355 401 2433 Annorum
427 2353 569 2452 series,
593 2371 632 2432 et
654 2356 748 2461 fuga
773 2332 1003 2460 temporum.

148 2480 166 2531 ⁵
187 2483 282 2558 Non
304 2482 429 2558 omnis
452 2481 622 2577 moriar3
647 2483 664 2533 ⁶
683 2482 887 2586 multaque
909 2475 997 2584 pers
1017 2479 1097 2556 mei

52 2623 56 2628 ’
148 2624 168 2675 7
191 2607 355 2687 vitabit
376 2610 622 2689 Libitinam:
647 2611 802 2715 ⁸usque
828 2639 899 2716 ego
921 2627 1073 2714 postera

152 2733 343 2810 Crescem
366 2732 484 2812 laude
509 2752 526 2802 9
550 2763 713 2827 recens,
740 2752 774 2787 10
795 2736 889 2811 dum
913 2734 1154 2836 Capitolium
1186 2733 1188 2742 '

148 2871 183 2908 ¹1
213 2858 384 2935 Scaudet
408 2887 499 2935 cum
522 2845 644 2936 tacite
666 2860 820 2965 virgine
847 2859 1041 2936 Pontifex.

89 3075 101 3107 r
120 3053 230 3109 Perfeci
246 3055 398 3108 carminum
413 3054 559 3121 volumen,
574 3056 625 3107 in·
659 3074 721 3109 rum
737 3074 744 3107 ε
761 3053 894 3129 significat
912 3054 994 3108 etiarn
1014 3052 1163 3126 capulum,
1180 3056 1227 3113 vel

54 3140 124 3210 genii
135 3140 194 3192 mei
207 3155 431 3202 monumentum,
443 3140 525 3191 aeneis
532 3139 626 3189 statuit
660 3138 807 3205 feretrum,
824 3139 854 3192 iu
868 3156 921 3210 quo
934 3137 1065 3191 cadavera
1079 3138 1228 3196 efferuntur

53 3220 218 3277 durabilius.
240 3238 258 3273 2
275 3220 361 3275 Altius
379 3219 462 3294 regali
480 3235 625 3274 construc—
660 3220 696 3273 ad
709 3220 882 3294 sepulturam.
905 3222 921 3273 8
939 3219 1050 3294 Semper
1065 3241 1114 3295 ego
1131 3242 1229 3279 recena
1253 3287 1255 3294 y

51 3306 126 3361 tione
149 3302 345 3380 pyramidum,
367 3324 426 3378 quae
450 3319 513 3358 eunt
532 3322 626 3377 regum
661 3323 781 3360 crescam
795 3320 900 3379 postera
912 3303 1010 3371 laude,
1024 3304 1089 3359 dum
1101 3307 1230 3364 Pontifex

53 3387 257 3462 AEgyptiorurn
271 3384 420 3461 sepulchra.
439 3386 455 3440 3
468 3386 565 3461 Aquilo
577 3407 626 3441 ve-
661 3387 774 3443 scandet
792 3386 958 3462 Capitolium
970 3406 1035 3441 cum*
1045 3391 1128 3443 tacite
1142 3392 1229 3463 virgi-

51 3467 202 3525 hementer
212 3471 430 3543 eoeviene,utqui
440 3468 491 3523 eibi
501 3490 557 3523 non
567 3490 627 3544 pot·
660 3492 705 3527 ne.
724 3493 742 3546 9
757 3473 823 3526 Non
839 3490 991 3526 tenescent.
1012 3491 1043 3525 ro
1057 3475 1155 3527 Donec
1169 3476 1227 3530 im-

53 3554 87 3606 eit
98 3568 268 3628 temperare.
283 3574 301 3621 4
316 3554 458 3627 Temporis
471 3552 627 3627 longinqui·
660 3557 766 3630 perium
785 3557 937 3608 Romanum
956 3554 1072 3609 durabit.
1096 3577 1126 3608 11
1150 3558 1229 3611 Dum

48 3650 107 3703 tae,
125 3653 155 3692 et
167 3653 437 3711 cureustemporum.
451 3635 467 3689 5
479 3637 627 3690 Nontotus
662 3639 789 3691 Pontifex
807 3637 935 3692 ascendet
955 3641 986 3693 in
1007 3637 1171 3713 Capitolium
1192 3638 1230 3695 ad

49 3724 161 3774 moriar.
559 3774 563 3780 ,
662 3740 736 3774 tecta
754 3719 841 3775 ldulia
858 3720 1028 3795 peragenda,
1047 3740 1109 3773 cum
1125 3722 1234 3793 virgine

94 3803 115 3857 6
140 3803 234 3857 Mene
255 3801 301 3857 vel
327 3804 479 3875 ingenium.¹
506 3821 522 3875 7
544 3801 627 3855 Effu-
662 3803 756 3857 vestali
768 3806 866 3873 tacita,
880 3804 909 3857 id
921 3819 976 3870 est,
990 3822 1052 3857 curn
1064 3805 1169 3875 virgine
1181 3818 1228 3859 ta·
1273 3799 1276 3806 ’

50 3885 105 3956 giet
115 3901 257 3954 mortem,
277 3883 398 3942 Libitina
413 3901 453 3942 ott
468 3888 529 3943 Dea
544 3884 628 3954 fune-⁸
663 3900 762 3960 cente,
777 3885 843 3942 dnn
860 3905 936 3943 sacra
949 3883 1128 3958 celebrantur.
