2842 4750
190 344 232 416 ᾳ
278 312 532 398 iron'srrr
575 318 784 397 rn'sccr
826 318 975 395 vrrs.
1103 329 1175 393 rt

190 475 275 536 Cum
298 486 346 535 tot
365 471 521 568 sustineas
542 481 576 532 et
598 481 684 531 tanta
705 466 835 551 negotia
855 467 964 541 solus,

188 585 256 646 Res
277 581 375 644 Italas
399 581 495 643 armis
519 578 655 651 tuteris,
676 577 822 639 moribus
841 598 960 650 ornes,

188 692 330 776 Legibus
352 689 526 765 emendes;
549 689 583 749 in
601 686 731 781 publiea
753 686 921 749 commoda
940 707 1094 771 peccem,

189 787 225 865 Si
237 800 336 886 longo
352 821 501 879 sermone
515 818 624 861 morer
637 809 693 860 tus
708 809 874 881 tempora,
890 793 1009 860 Cesar.

20 961 156 1042 Habitu
178 958 347 1064 corporis
368 948 499 1037 brevis
525 956 601 1034 fuit
620 972 739 1061 atque
764 954 925 1033 obesus:
942 954 1068 1059 qualis
1086 971 1124 1033 et
1141 958 1167 1034 ἆ

20 1085 204 1191 semetipso
226 1082 271 1160 in
284 1081 448 1189 Satyris
459 1077 721 1187 describitur,
745 1092 784 1154 et
809 1077 861 1152 ab
889 1080 1068 1182 Augusto
1080 1080 1165 1157 buo

24 1211 190 1319 epistolas
214 1209 384 1315 Pertulit
407 1211 465 1287 ad
484 1237 550 1285 me
575 1208 804 1310 Dionysius
828 1206 1004 1283 libellum
1033 1225 1165 1298 mom,

29 1373 124 1449 quem
142 1340 329 1445 egoltre
352 1348 537 1443 anensem
567 1336 821 1435 brevitatem)
849 1337 1168 1439 quanmluscum·

27 1498 85 1571 que
99 1489 173 1557 est,
191 1467 290 1544 boni
306 1462 482 1541 consulo
506 1462 648 1538 Vereri
669 1477 803 1535 autem
824 1462 925 1538 milri
945 1446 1102 1540 videris
1115 1488 1182 1540 ne*

28 1600 169 1695 majores
184 1589 312 1669 libelli
333 1595 393 1664 tui
411 1591 494 1662 sint
514 1612 634 1686 quam
649 1589 735 1689 ipse
751 1611 820 1659 es:
842 1588 916 1661 sed
928 1589 1001 1664 tibi
1017 1605 1168 1664 stanam

27 1717 133 1813 deest,
150 1705 432 1818 corpusculum
451 1736 533 1787 non
555 1711 671 1790 deest.
693 1714 834 1814 Itaque
856 1688 1028 1788 licebit
1010 1736 1055 1788 m
1073 1728 1169 1790 sexi

31 1844 151 1922 tariolo
171 1839 344 1953 scribas,
362 1868 453 1917 cam
475 1844 663 1916 circuitus
687 1841 903 1917 voluminis
922 1852 987 1919 tui
1007 1853 1089 1923 sit’
1079 1887 1170 1937 mx·-

31 1977 118 2049 ttmr
130 2027 141 2063 ,
162 1977 274 2046 sicut
301 1987 342 2043 et
367 1966 575 2055 ventriculi
598 1972 668 2044 tui.
705 1965 773 2042 Ad
794 1990 854 2043 res
877 1968 1119 2048 Venereas
1106 1999 1169 2048 1n·
1251 1991 1253 1993 ·

28 2091 281 2194 temperantior
298 2089 491 2169 traditur:
512 2116 604 2167 nam
623 2093 819 2195 speculato
841 2091 1024 2177 cubiculo
1043 2113 1170 2177 scorta
1215 2162 1220 2169 .
1252 2152 1258 2160 .

30 2212 149 2295 dicitur
163 2217 348 2296 habuisse
367 2215 571 2320 disposita,
586 2230 631 2291 ut
652 2243 899 2329 quocumque
917 2199 1169 2322 respexisset,

30 2337 131 2419 lbi
102 2371 133 2423 er
159 2347 294 2491 imago
324 2344 447 2423 coitus
478 2342 701 2432 referretur.
731 2342 845 2426 Vnit
876 2344 1137 2452 plurimum
1125 2382 1170 2433 rn

30 2493 153 2552 secessu
167 2472 271 2552 ruris
287 2499 347 2549 sur
332 2468 499 2549 Sabini
521 2487 590 2547 ant
612 2455 839 2548 Tiburtini·
828 2471 1171 2580 3d0musquee1us

32 2597 272 2712 ostenditur
238 2609 344 2674 orrea
360 2594 529 2697 Tiburni
545 2594 733 2676 luculum.
753 2598 984 2677 Venerunt
973 2631 1015 2679 1n
1031 2633 1170 2684 manus

32 2701 115 2797 neas
140 2739 177 2800 et
197 2720 308 2823 elegi
332 2691 463 2797 sub
427 2745 510 2817 ejus
534 2717 670 2830 titulo,
694 2735 734 2795 et
759 2720 919 2823 epistola
942 2753 1051 2838 prosa
1079 2757 1169 2806 ora-

33 2841 116 2925 tione
135 2848 256 2955 quasi
271 2845 577 2926 commendantis
597 2874 637 2923 se
663 2847 895 2944 Maecenati3
915 2852 982 2928 sed
1002 2871 1171 2961 utraque

34 2967 113 3049 falsa
124 2992 225 3078 puto.
246 2975 353 3050 Nam
372 2970 473 3076 elegi
489 2970 690 3074 vulgares,
707 2971 868 3076 epistola
886 2975 1073 3074 obseura,
1090 3010 1171 3086 quo

36 3097 113 3178 vitio
127 3103 288 3180 minime
306 3098 521 3178 tenebatur.
539 3101 663 3177 Natus
681 3115 738 3176 est
759 3124 816 3181 vr.
837 3102 896 3181 Id.
916 3103 1171 3205 Decembris,

36 3217 187 3302 LGotta
204 3243 243 3305 et
260 3227 305 3304 L.
324 3227 522 3327 Torquato
545 3222 789 3303 Consulibus.
814 3226 992 3306 Decessit
1011 3252 1053 3309 v.
1075 3234 1171 3316 Kal.

36 3345 202 3435 Decemb.
221 3356 266 3434 G.
277 3341 430 3431 Mareio
446 3341 655 3429 Censorino
672 3339 710 3426 et
725 3351 769 3430 C.
780 3352 918 3431 Asinio
934 3356 1050 3436 Gallo
1066 3363 1173 3449 coss.

37 3494 255 3575 postnonnm
278 3498 316 3559 et
340 3479 709 3584 quinquagesimum
732 3507 897 3576 annum,
915 3482 1069 3565 haerede
1085 3476 1172 3568 Auss

39 3624 127 3703 gusto
147 3609 276 3713 palam
299 3605 542 3711 nuncupato,
569 3634 660 3684 oum
685 3625 846 3712 urgente
869 3609 911 3687 vi
935 3611 1171 3696 valetudinis

37 3750 96 3809 non
109 3735 300 3814 sufficeret
316 3719 369 3814 ld
384 3735 642 3842 obsignandas
658 3739 878 3815 testamenti
898 3740 1062 3836 tabulas.
1086 3748 1172 3823 Hu-
1224 3735 1228 3746 ’

36 3872 140 3936 uatus
155 3876 194 3937 et
210 3847 388 3941 conditus
412 3878 474 3964 est
491 3862 671 3942 extremis
688 3862 872 3968 Esquiliis
893 3861 1002 3967 juxta
1026 3869 1172 3970 Maece-

36 3978 119 4058 natis
132 3983 337 4068 tumulum.
