2842 4750
202 314 275 391 106
503 388 506 397 Δ
594 338 632 408 Q.
686 311 962 397 u‘brtttr‘rr

292 475 324 529 ³¹
350 475 455 554 Inire
479 476 612 572 sedes,
641 480 674 532 ³2
699 482 842 558 ducere
866 482 1033 559 nectaris

345 605 513 696 Succos,
542 622 580 681 et
605 606 775 682 adscribi
803 590 963 711 quietis

394 732 608 809 ordinibus
633 713 760 839 patra,
784 735 971 813 Deorum.

293 861 327 914 33
352 862 459 936 Dum
483 860 617 964 longus
643 862 743 941 inter
763 862 897 939 saeviat
921 862 1023 939 Ilion

292 986 539 1088 Romamque
566 1001 726 1088 pontus3
757 985 934 1088 qualibet
959 982 1089 1062 exules

343 1113 391 1187 In
413 1128 519 1212 parte
544 1129 731 1212 regnanto
752 1110 871 1188 beati.

295 1316 298 1322 ,
394 1236 502 1310 Dum
530 1236 705 1331 Priami,
733 1235 961 1339 Paridisque
985 1234 1019 1300 34
1043 1232 1154 1308 busto

265 1360 455 1436 'Insultet
483 1385 733 1453 armentum,
760 1362 791 1412 3⁵
819 1377 856 1436 et
884 1359 1028 1436 catulos
1055 1357 1148 1433 ferae

297 1485 432 1562 Celent
458 1486 619 1580 inultae3
646 1502 717 1562 stet
741 1485 977 1588 Capitolium

344 1606 540 1717 Ful'gens‚
565 1614 598 1663 3⁶
619 1612 945 1716 triumphatisque
972 1608 1088 1714 possit

395 1740 522 1815 Roma
553 1740 660 1816 ferox
684 1741 777 1816 dare
802 1738 887 1835 iura
910 1737 1053 1815 Medis.

294 1861 329 1929 37
352 1864 555 1940 Horrenda
580 1864 657 1940 late
683 1891 824 1940 nomen
844 1863 887 1938 in
909 1861 1077 1964 ultimas·

293 1988 489 2068 Extendat
510 2021 622 2085 oras,
649 2021 728 2095 qua
750 1991 784 2043 3⁸
807 1990 960 2068 medius
980 1989 1110 2094 liquor
1204 1980 1211 1985 ⁴

289 2216 290 2219 Ἴ
342 2114 517 2192 Seoernit
537 2117 718 2220 Europen
740 2114 791 2191 ab
815 2115 945 2208 Afro,

395 2241 483 2342 Qua
507 2241 679 2319 tumidus
699 2242 801 2344 rigat
825 2269 919 2318 arva
941 2239 974 2308 39
997 2239 1111 2316 Nilus
1129 2270 1141 2345 z¹

293 2363 329 2429 ’4ο
348 2364 503 2441 Aurum
527 2381 558 2430 4Ι
582 2365 839 2468 irrepertum,
864 2379 902 2439 et
926 2360 982 2439 sic
1006 2358 1142 2439 melius
1164 2358 1288 2440 situm

294 2490 395 2565 Cum
417 2505 519 2567 terra
544 2492 671 2584 celat,
696 2517 874 2597 spernere
897 2491 1058 2585 fortior,

345 2613 472 2712 Quam
494 2642 631 2718 cogere
656 2616 846 2695 humanos
865 2616 908 2693 in
929 2644 1044 2710 usus,

229 2792 261 2846 δι
278 2794 308 2846 Ιιι
321 2793 402 2848 coelos
415 2794 569 2852 ascendere.
588 2798 624 2852 sz
641 2799 757 2852 Divinos
792 2800 904 2856 devictis
923 2815 950 2854 et
964 2820 1012 2874 per
1027 2800 1192 2873 triumphum
1207 2800 1316 2857 ductiss

191 2872 310 2949 liquores
322 2878 444 2945 bibere,
470 2894 499 2934 et
518 2882 598 2935 Diris
621 2881 757 2939 adnume-
827 2884 861 2953 37
878 2886 963 2937 Roma
978 2882 1096 2936 barbaris
1113 2883 1239 2956 gentibus
1253 2883 1366 2939 formi-

170 2996 174 3004 ·
194 2963 257 3012 rari.
792 2965 881 3022 danda
898 2964 1026 3019 extendat
1043 2984 1144 3020 nomen
1161 2968 1191 3019 in
1209 2985 1268 3019 oras
1288 2968 1367 3022 ulti-

123 3074 125 3076 >
230 3042 266 3094 33
281 3044 357 3099 Ordo
375 3060 416 3101 est
431 3060 459 3101 et
473 3066 589 3102 sensus·
582 3087 589 3100 .
609 3047 756 3103 dummodo
791 3069 858 3103 mas.
876 3049 911 3102 38
927 3048 1005 3101 Mara
1021 3045 1195 3101 Gaditanum.
1219 3048 1255 3121 39
1274 3050 1366 3106 Nilus

191 3121 288 3197 longus
302 3145 399 3202 pontus
416 3133 576 3185 intercurrat
592 3134 665 3187 inter
679 3135 755 3186 Tro·
791 3132 906 3206 AEgypti
916 3130 1024 3195 fluvius,
1034 3131 1071 3183 sic
1080 3128 1166 3184 dictus
1176 3129 1265 3183 &Nilo
1275 3150 1367 3204 rege,

190 3207 246 3279 jam
256 3223 285 3263 et
294 3213 549 3288 Romam,qualibet
559 3216 588 3269 in
599 3231 673 3288 parte
683 3216 754 3271 orbis
789 3214 833 3269 vel
855 3213 927 3288 quod
952 3212 1034 3267 trahit
1060 3218 1112 3270 ilar
1132 3221 1211 3280 ὶιύι,
1236 3212 1266 3265 id
1290 3230 1364 3281 est,

191 3296 441 3368 regnanto'l'rojani
451 3298 542 3353 felices
551 3315 579 3353 et
587 3298 754 3365 beati,exu-
789 3318 891 3353 novum
911 3296 1007 3351 limum
1027 3315 1112 3369 ,quo
1137 3310 1193 3349 tota
1214 3296 1365 3370 AEgyptua

190 3370 231 3427 les
248 3389 338 3429 tamen
360 3395 513 3450 regnanto,
534 3384 572 3436 sic
593 3396 624 3435 ut
635 3384 754 3454 Trojano
789 3381 909 3435 redditur
920 3370 1069 3433 foecundior
1080 3394 1139 3453 post
1149 3398 1223 3432 suam
1232 3381 1364 3434 inunda-

190 3455 306 3528 imperio
319 3458 439 3513 fruantur
451 3482 599 3536 nunquam.
789 3467 904 3519 tionem.
920 3472 954 3529 rto
968 3463 1043 3516 Ordo
1056 3477 1096 3516 est
1112 3481 1118 3514 :
1134 3462 1279 3516 Horrenda
1292 3466 1362 3518 Ro-

230 3538 264 3604 54
281 3539 383 3594 Paridis
398 3543 547 3615 sepulchro
569 3544 603 3597 55
618 3544 655 3598 Et
671 3544 755 3598 durn-
789 3565 834 3600 ma
846 3565 947 3600 nomen
961 3565 1039 3599 suum
1054 3547 1084 3598 in
1099 3544 1206 3598 ultimas
1220 3560 1363 3603 terrarum

191 3620 275 3674 modo
291 3623 407 3695 Troja'
388 3639 422 3676 sit
436 3626 474 3677 ita
488 3624 610 3692 deserta,
628 3642 658 3680 ut
675 3628 706 3680 in
723 3646 755 3682 ea
787 3648 847 3683 oras
860 3627 1005 3696 extendat,
1022 3625 1272 3701 Roma(inquam)
1290 3628 1362 3683 for-

191 3719 220 3756 et
232 3720 352 3759 armenta
365 3724 473 3779 pascere
486 3723 514 3761 et
526 3708 586 3764 ferre
599 3729 660 3764 suos
672 3726 754 3764 catu
789 3715 840 3767 tior
855 3730 994 3785 spernere,
1009 3710 1038 3764 id
1052 3727 1110 3777 est,
1123 3709 1216 3764 fortior
1228 3709 1263 3763 ad
1276 3730 1364 3785 speo-

192 3785 233 3839 los
250 3788 384 3843 occultare
402 3791 504 3861 possint
518 3789 630 3857 inultae,
645 3791 675 3844 id
692 3808 752 3860 est,
788 3793 909 3847 nendum
919 3813 1013 3847 aurum
1021 3813 1122 3867 quam
1131 3811 1237 3865 cogere

190 3866 280 3924 illese
291 3886 319 3924 et
328 3890 443 3937 securae
456 3890 566 3925 nemme
578 3873 751 3945 prohrbente
823 3888 854 3943 4¹
873 3877 975 3932 Aurum
990 3876 1115 3933 nondum
1131 3874 1365 3937 exaurifodinu

192 3950 300 4027 ualege,
311 3969 363 4009 stet
374 3953 608 4029 Capitoliumne.
620 3956 654 4011 36
663 3956 754 4016 Medis
789 3957 922 4014 effossum.
1021 3955 1035 3983 ⁴
