2842 4750
239 353 311 432 472
631 353 669 420 Q.
724 348 995 405 nontrrr

240 482 413 575 Fabula,
429 485 464 537 ²⁸
481 485 624 561 nullius
638 486 817 577 veneris,
842 501 876 553 ²9
899 487 984 562 sine
1005 485 1173 589 pondere
1193 499 1235 561 et
1249 502 1364 577 arte,

236 610 273 685 30
288 610 455 689 Valdius
472 610 642 687 oblectat
658 612 875 718 populum,
887 614 918 664 3¹
939 613 1155 716 meliusque
1173 629 1379 702 moratur,

241 743 370 842 Quam
386 719 516 816 versus
534 740 566 789 3²
582 739 713 841 inopes
731 766 885 830 rerum,
906 740 938 791 33
960 766 1151 843 nugaeque
1172 767 1347 817 canorae.

240 864 274 930 34
292 864 420 939 Graiis
439 864 664 966 ingenium,
688 864 817 940 Graiis
841 864 949 940 dedit
971 865 1007 915 ³⁵
1023 892 1089 940 ore
1109 863 1283 940 rotundo

240 988 355 1064 Musa
373 987 507 1091 loqui,
526 1004 664 1088 praeter
683 987 869 1080 laudem,
889 989 928 1040 ³⁶
942 988 1088 1065 nulline
1107 987 1253 1065 avaris.

239 1115 274 1182 37
291 1117 459 1192 Romani
480 1116 589 1218 pueri
611 1117 644 1168 33
665 1117 789 1218 longis
809 1115 1022 1192 rationibus
1044 1143 1166 1192 assem

240 1240 407 1317 Discunt
427 1240 459 1306 ³9
478 1240 521 1315 in
539 1257 664 1342 partes
684 1256 841 1316 centurn
858 1241 1055 1339 diducere,
1081 1240 1200 1314 Dicat

239 1364 365 1442 Filius
379 1381 413 1430 4ο
431 1364 592 1457 Albini,
609 1366 640 1440 si
657 1366 705 1440 de
727 1380 760 1430 41
779 1365 999 1468 quincunce
1021 1381 1165 1439 remota
1185 1378 1244 1437 est

208 1472 216 1487 ⁸
242 1493 391 1583 Uncia,
408 1492 502 1594 qnid
517 1501 696 1593 superat?
708 1496 866 1568 Poteras
884 1491 1044 1584 dixisse,
1057 1506 1090 1556 42
1107 1490 1236 1566 triens.
1252 1489 1288 1554 43
1303 1490 1358 1564 Eu
1372 1495 1382 1564 l

241 1617 347 1691 Rem·
360 1610 504 1715 poteris
518 1641 669 1690 servare
680 1631 807 1710 tuam.
823 1631 858 1680 44
874 1614 995 1691 Redit
1007 1614 1146 1706 uncia,
1165 1614 1262 1717 quid
1279 1614 1350 1690 fit?
1409 1630 1410 1707 l

241 1742 275 1806 45
292 1740 426 1819 Samis.
448 1742 514 1816 An
533 1741 616 1816 haec
634 1741 786 1818 munros
799 1742 832 1808 46
849 1771 1003 1845 aerugo,
1018 1759 1056 1818 et
1073 1759 1107 1809 47
1124 1769 1219 1817 cura
1232 1741 1361 1843 peculi

241 1866 344 1941 Cum
358 1865 477 1942 semel
493 1864 706 1958 imbuerit,
721 1893 917 1969 speramus
935 1866 1109 1941 carmina
1124 1864 1262 1966 4⁸'fingi

242 1994 355 2067 Posse
372 2007 405 2058 49
420 1989 580 2067 linenda
598 1993 734 2083 cedro,
750 2008 787 2065 et
802 1991 881 2066 levi
902 1991 1092 2067 servanda
1115 1991 1149 2040 ⁵²>
1167 1994 1370 2093 cupresso?
1410 1998 1411 2003 ’

241 2123 325 2194 Aut
341 2119 517 2220 prodesse
535 2118 566 2168 ⁵¹
588 2116 744 2208 volunt,
764 2135 831 2193 aut
846 2116 1040 2195 delectare
1060 2117 1215 2204 Po‘e'tae,

242 2250 326 2321 Aut
342 2243 461 2321 simul
477 2260 514 2320 et
529 2244 700 2342 jucunda
725 2263 764 2320 et
783 2246 924 2321 idonea
948 2244 1078 2319 dicere
1100 2242 1201 2318 vitae.

192 2356 195 2365 ³
243 2370 449 2475 Quidquid
468 2370 687 2474 praecipies,
708 2389 786 2447 esto
807 2370 960 2460 brevis,
980 2369 1013 2421 ⁵²
1035 2386 1077 2444 nt
1095 2367 1171 2443 cito
1194 2365 1304 2441 diota

241 2500 468 2602 Percipient
483 2499 607 2574 animi
624 2499 660 2550 53'
672 2499 837 2591 dociles,
855 2512 1091 2599 teneantque
1107 2496 1141 2560 ⁵4
1154 2494 1302 2571 fideles

242 2682 331 2716 mores
340 2682 511 2735 personarum
527 2664 593 2716 scite
609 2663 805 2734 exprimuntur.
875 2673 910 2731 4ο
933 2664 1108 2718 Foeneratoris
1132 2660 1332 2732 cujusdem.41
1355 2664 1392 2718 De

244 2746 284 2798 28
293 2743 399 2797 Nullius
412 2744 564 2816 elegantior
575 2762 608 2814 29
624 2745 688 2800 Sine
704 2746 805 2800 verbo·
840 2750 956 2822 quinque
966 2748 1063 2800 unciis.
1075 2755 1111 2811 42
1124 2746 1246 2816 Queeuor
1256 2748 1352 2801 uncie.

243 2847 304 2882 rum
316 2829 452 2901 gravitate.
472 2827 507 2878 ὄσ
524 2827 655 2881 Validius.
671 2828 702 2881 31
719 2831 806 2903 Magis
874 2830 910 2896 43
927 2830 1021 2895 Bene,
1045 2829 1137 2883 Verba
1158 2843 1227 2882 eunt
1240 2837 1335 2900 patris
1353 2829 1392 2882 vet

244 2911 369 2967 delectet.
396 2911 433 2964 52
451 2910 650 2964 Sententiarum
674 2929 805 2985 expertes.
838 2912 1360 2985 populimsponsumpmriprobamie.

244 2994 279 3047 53
292 2997 389 3047 Versus
399 2993 471 3048 leves
483 3034 490 3059 ,
508 2995 558 3066 qai
569 2993 638 3046 nihil
648 2993 722 3047 eliud
731 3011 806 3060 sunt,
878 3005 912 3062 44
923 2996 1078 3064 Quincunci
1094 2993 1201 3047 additur
1214 2998 1309 3049 uncia.

244 3096 324 3151 quam
350 3079 438 3131 inanis
463 3079 687 3149 perstrepentium·
709 3096 807 3130 vocum
878 3079 915 3145 45
928 3076 1049 3131 Dimidia
1060 3096 1121 3151 pere
1132 3077 1224 3145 libre,
1245 3077 1276 3131 id
1287 3095 1344 3148 est,
1355 3098 1393 3134 sex

244 3164 390 3232 congeries.
841 3165 939 3216 unciae.

272 3244 306 3309 34
318 3243 406 3298 Graeci
416 3243 595 3317 eloquentiam
606 3261 668 3295 cum
678 3243 808 3314 sapientia
878 3246 913 3311 46
928 3246 1060 3311 Avaritia,
1082 3264 1137 3318 qna
1155 3244 1281 3318 preclara
1297 3249 1399 3320 ingenia

136 3391 140 3405 x
244 3325 805 3398 conjunxerunt.55Rotundeetelegenter.
842 3344 1055 3401 corrumpuntur.
1086 3328 1246 3400 Metaphora
1276 3329 1357 3383 ducta
1386 3331 1400 3381 l

199 3420 203 3428 ’
244 3408 567 3482 36Nulliusreieupidis.
622 3463 624 3466 ,
672 3420 674 3426 “
842 3411 965 3465 metallis.
976 3410 1257 3484 47Cupiditasopum.
1269 3414 1305 3477 48
1319 3413 1400 3466 scribi

280 3492 314 3564 37
331 3493 444 3545 Rotnani
463 3495 538 3564 pueri
555 3496 643 3545 statim
662 3493 677 3544 l
694 3495 808 3566 pueritia
841 3513 927 3567 posse.
948 3504 983 3565 49
995 3495 1072 3562 ⁸Qure
1089 3508 1216 3566 perpetuo
1235 3497 1354 3560 vivant,
1372 3515 1399 3547 ea

202 3567 205 3572 ¹
245 3575 352 3630 diseunt
358 3592 427 3628 artes
438 3574 471 3626 ad
482 3594 538 3627 rem
548 3575 707 3648 augendam,
716 3576 807 3630 Graeci
841 3585 944 3631 etenim
953 3597 1014 3649 quoe
1023 3577 1101 3630 cedri
1110 3596 1193 3628 succo
1203 3577 1402 3631 linuncernon

243 3679 301 3713 non
318 3651 394 3713 ilem.
415 3658 449 3710 38
467 3657 621 3723 Addendo,
642 3657 806 3723 dividendo,
839 3674 1013 3732 putrescunt.
1035 3658 1070 3710 50
1082 3660 1113 3710 In
1124 3675 1204 3730 eapse
1217 3676 1252 3711 ex
1262 3678 1404 3731 cupresso,

244 3741 423 3795 diminuendo
436 3779 445 3805 ,
465 3740 687 3814 multiplicando,
701 3742 807 3795 subtre—
843 3742 938 3796 arbore
947 3741 1017 3794 bene
1030 3739 1129 3794 olente.

243 3824 350 3890 hendo,
361 3844 419 3897 qun
436 3838 522 3898 partes
538 3840 600 3877 sunt
615 3824 807 3880 Arithmeticae.
879 3825 910 3877 51
926 3823 1044 3877 Debent.
1054 3822 1088 3876 52
1099 3823 1137 3875 Ut
1145 3824 1227 3876 enimi
1236 3823 1342 3879 dociles
1351 3829 1402 3879 cito

245 3907 281 3977 39
290 3910 321 3960 ln
331 3923 418 3981 partes
427 3907 610 3984 plurimas‚et
619 3909 808 3963 minutissimae
843 3909 991 3979 percipiant
1013 3905 1162 3959 medicea.
1192 3905 1227 3958 53
1257 3909 1345 3975 Quod
1364 3924 1403 3961 esc

245 3987 375 4045 dividere.
433 4015 437 4022 ·
817 3996 965 4064 *ingenie
984 3989 1334 4066 fidqnodestmemon'oe,
