2842 4750
256 335 328 385 100
389 350 391 354 ·
648 333 686 403 Q.
740 333 1023 392 nonsart

403 451 627 529 Descendat
650 471 683 506 10
707 454 749 530 in
772 481 955 560 campum
980 456 1121 560 petitor
1141 490 1154 551 ;

455 578 633 654 Moribus
657 577 723 661 hic
738 562 993 692 ,meliorque
1018 581 1146 682 lama,

355 704 598 800 Contendat3
624 706 681 783 illi
708 708 821 784 turba
847 709 1053 786 clientium

355 831 414 910 Sit
436 830 559 927 major
581 862 590 908 ε
613 847 642 882 11
667 860 781 937 aequa
806 832 892 938 lege
918 833 1124 911 necessitas

405 955 569 1033 Sortitur
592 955 787 1058 insignes,
814 975 853 1034 et
877 958 1001 1035 imos:
1082 1061 1085 1066 1

457 1082 586 1156 Omne
611 1109 736 1186 capax
758 1097 792 1135 1²
812 1099 946 1159 movet
968 1110 1068 1159 urna
1086 1110 1239 1160 nomen.
1330 1174 1332 1179 Δ

355 1204 388 1254 13
414 1202 623 1281 Districtus
646 1204 746 1282 ensis
774 1207 838 1292 cui
866 1235 981 1310 super
1004 1206 1126 1310 impia

355 1328 518 1404 Cervice
540 1330 710 1432 pendet,
736 1357 815 1405 non
841 1346 875 1396 14
898 1325 1040 1407 Siculae
1067 1331 1184 1434 dapes

405 1451 576 1526 Dulcem
600 1452 632 1502 ¹⁵
653 1451 913 1530 elaborabunt
936 1481 1141 1556 saporem:

456 1578 546 1651 Non
573 1580 733 1668 avium,
760 1577 999 1683 citharaeque
1029 1595 1164 1654 cantus

356 1704 390 1755 ¹⁶
415 1704 601 1778 Somnum
623 1701 823 1781 reducent.
853 1720 886 1771 17
907 1705 1070 1781 Somnus
1093 1700 1302 1811 agrestium
1325 1709 1327 1714 ⁴

354 1825 472 1902 Lenis
494 1826 669 1902 virorum
688 1831 767 1901 noir
794 1825 963 1903 humiles
984 1829 1119 1904 ,domos

402 1951 593 2044 Fastidit,
619 1950 920 2056 umbrosamque
944 1952 1100 2056 ripam,

457 2082 547 2154 Non
571 2079 759 2183 Zephyris
781 2079 929 2184 agitata
954 2084 1117 2185 Tempe.

355 2207 390 2260 ¹⁸
416 2206 714 2284 Desiderantem
741 2206 846 2310 quod
873 2206 964 2283 satis
989 2222 1066 2300 est,
1090 2231 1218 2310 neque

356 2332 660 2411 Tumultuosum
685 2347 718 2400 19
745 2331 929 2409 sollicitat
950 2359 1087 2425 mare,
1115 2399 1119 2408 ,

408 2460 495 2534 Nec
520 2485 643 2534 saevus
667 2473 702 2509 ²0
725 2458 885 2533 Arcturi
911 2457 1085 2534 cadentis

459 2582 633 2681 Impetus
647 2636 668 2688 ,s
682 2596 752 2655 aut
774 2579 933 2656 orientis
955 2595 987 2630 ²1
1014 2579 1132 2655 Hoedi
1151 2597 1178 2656 τ’

257 2715 383 2776 ordinem
395 2713 517 2769 redactas
524 2714 643 2786 plantet,
655 2714 723 2769 alius
733 2716 825 2771 hono-
858 2717 933 2790 regio
943 2715 1008 2769 luxu
1018 2717 1163 2770 instructae.
1181 2714 1212 2768 15
1221 2716 1285 2770 Non
1294 2713 1402 2771 reddeat.¹
1419 2723 1420 2728 ’

255 2820 299 2857 res
314 2798 439 2862 ambiat,
458 2796 526 2849 alius
543 2795 596 2848 alia
609 2813 750 2867 sectetur,
769 2816 821 2855 etc.
863 2800 895 2873 ιθ
915 2800 980 2852 Νοιι
1003 2817 1128 2852 somnum
1145 2789 1320 2867 restituent,
1335 2815 1402 2873 quem

257 2886 353 2939 mortis
375 2896 467 2935 tamen
490 2876 610 2932 conditio
634 2882 824 2940 estomnibus
859 2898 947 2937 metus
957 2880 1078 2936 abstulit·

256 2986 343 3041 aequa.
366 2984 396 3019 ιο
409 2967 441 3018 ln
456 2963 590 3036 Campum
607 2964 757 3032 Martium,
777 2966 824 3020 uhi
893 2959 930 3037 ¹17
941 2964 1016 3019 Ordo
1027 2959 1066 3017 est
1073 2978 1100 3018 et
1108 2981 1215 3017 sensus:
1226 2962 1339 3018 Somnus
1346 2959 1404 3034 leuis

255 3051 372 3123 alicujus
391 3049 564 3123 Magistratus
583 3062 623 3101 est
638 3050 757 3121 petitor,
778 3049 824 3104 hic
859 3044 1420 3122 nonspernithumilesugrestium(loures,¹

254 3136 363 3212 generis
380 3133 516 3199 claritate,
535 3130 581 3184 ille
596 3133 650 3185 suis
663 3132 824 3202 virtutibus,
859 3151 947 3206 neque
963 3131 1116 3209 umbrosam
1131 3132 1234 3204 ripam,
1254 3147 1300 3184 aut
1314 3143 1406 3183 amoeut

258 3216 326 3272 alius
342 3217 490 3268 amicorum
502 3234 616 3267 numero
626 3214 751 3272 celebris.
859 3213 1006 3269 Thessaliae
1022 3213 1083 3270 loca
1097 3213 1228 3287 Zephyris
1244 3216 1348 3288 agitata.

299 3320 327 3352 ιι
342 3298 494 3349 Necessitas
508 3312 619 3364 tamen,
639 3297 668 3351 id
682 3314 737 3366 est,
753 3319 826 3355 mors
900 3300 931 3351 18
941 3300 996 3370 Qui
1010 3296 1144 3352 desiderat
1161 3295 1234 3371 quod
1252 3300 1314 3352 satis
1330 3308 1367 3350 est
1379 3287 1408 3345 td

260 3380 398 3455 Qq'ualiter
407 3382 529 3447 sortitur,
543 3379 572 3433 id
582 3396 758 3448 est,sorteet
767 3385 826 3436 sine
860 3382 963 3455 rictum
982 3395 1010 3434 et
1037 3383 1184 3446 vestitum,
1217 3399 1274 3433 nou
1293 3380 1408 3450 navigat,

257 3464 369 3519 delectu
378 3465 460 3515 sumit
470 3483 574 3530 omnes,
588 3478 643 3516 tam
653 3462 824 3538 clarosquam
859 3482 947 3537 neque
963 3482 991 3517 se
1007 3465 1089 3516 maris
1103 3462 1223 3536 periculo
1239 3464 1365 3537 exponit,
1384 3468 1410 3509 ¹11

255 3548 396 3603 obscuros.
418 3566 449 3599 12
462 3546 555 3600 Volvit
564 3544 599 3599 ad
607 3545 774 3601 sortiendum
784 3549 826 3602 fa·
859 3565 917 3600 rem
935 3544 1094 3599 familiarem
1111 3560 1220 3624 ⁴augeat.
1247 3566 1279 3619 19
1301 3538 1409 3599 Tumul·

261 3647 331 3685 tum.
344 3628 415 3682 Vide
426 3627 487 3682 Ode
497 3650 539 3682 ur.
553 3629 602 3685 lib.
615 3650 646 3683 ιι.
858 3644 966 3684 tuosum
985 3647 1059 3683 mare
1076 3648 1133 3682 non
1148 3628 1238 3682 reddit
1259 3648 1322 3684 eum
1343 3623 1410 3680 solli-

302 3713 333 3766 13
352 3716 397 3766 De
412 3710 544 3766 Damocle
557 3714 682 3787 Dionysii
700 3730 824 3769 assenta-
859 3712 953 3766 citum.
968 3730 1001 3766 20
1011 3713 1138 3766 Arcturus
1147 3710 1224 3764 stella
1233 3728 1272 3765 est
1281 3714 1311 3764 in
1322 3712 1410 3769 Beate.

261 3811 331 3850 tore.
343 3788 415 3848 vide
427 3796 468 3847 M.
482 3794 545 3850 Tul.
558 3797 639 3849 Tusc.
650 3796 699 3851 lib.
709 3815 737 3851 v.
860 3815 918 3869 quae
935 3810 1041 3870 propter
1050 3810 1239 3867 tempestates,
1258 3815 1324 3869 quas
1333 3793 1411 3846 orient

301 3895 332 3946 ¹4
345 3880 435 3951 Dapes
445 3876 826 3953 &DionysioSiciliaetyranno
861 3882 979 3946 excitat,
994 3894 1033 3932 est
1045 3877 1190 3932 vehemens
1203 3901 1211 3947 3
1231 3878 1278 3932 sed
1293 3872 1410 3931 occident

260 3975 407 4033 apparatae,
419 3980 478 4036 quae
490 3977 566 4016 erant
576 3963 788 4035 exquisitissima
798 3978 826 4019 et
860 3977 901 4018 est
917 3962 1002 4018 multo
1013 3960 1208 4019 vehementior.
1225 3956 1410 4038 21·Hoedidu³
