2842 4750
391 347 627 401 rennos
679 347 877 404 arnan.
1143 325 1213 407 231

123 440 125 443 Ι
159 461 314 555 Sabella
333 479 465 566 pectus
488 463 688 565 increpare
713 464 918 556 carmina,

159 586 363 690 Caputque
384 587 516 663 Marsa
537 601 572 653 ²4
593 586 758 667 dissilire
781 588 921 664 naenia.

160 713 266 812 Quid
289 712 455 816 amplius
480 715 568 794 vis?
594 719 768 810 dmara,
793 733 832 793 et
854 722 978 793 terra!
1003 716 1146 809 arden,

160 841 361 941 Quantum
381 868 508 946 neque
530 841 835 925 atrodelibutus
854 840 1045 919 Hercules

162 968 196 1021 ²⁵
218 969 329 1046 Nessi
351 997 512 1065 cruore,
536 973 571 1024 2⁶
590 999 665 1049 nec
683 973 826 1049 Sicana
848 968 1003 1049 fervida

162 1092 306 1173 Virens
328 1094 371 1171 in
389 1097 506 1175 AEtna
526 1098 699 1175 flamma.
722 1100 813 1189 Tu,
834 1108 870 1164 ²7
883 1097 1015 1173 ‘donec
1035 1091 1137 1169 cinis

163 1202 362 1314 injuriosis
375 1221 514 1303 aridus
538 1222 664 1303 ventis
689 1221 817 1310 ferar,

164 1343 199 1395 ²³
224 1346 334 1425 Cales
358 1351 519 1427 venenis
541 1351 697 1427 officina
722 1346 929 1428 Colchicis.

66 1520 73 1530 ·
165 1484 199 1537 ²9
217 1473 313 1572 Quae
330 1472 447 1565 finis?
472 1475 506 1526 ³0
523 1491 593 1550 aut
610 1475 715 1577 quod
731 1498 794 1548 me
815 1488 946 1551 manet
961 1471 1226 1576 stipendium?

162 1592 315 1687 Effare3
333 1597 364 1647 3¹
385 1595 504 1697 jussas
524 1598 558 1650 32
578 1626 670 1677 curn
688 1597 771 1676 fide
789 1627 927 1701 poenas.
939 1597 1077 1693 luam,

161 1722 326 1801 Paratus
342 1720 375 1777 3³
389 1726 578 1831 expiare,
600 1755 668 1805 seu
688 1728 905 1833 poposceris
1132 1822 1135 1827 Ι

161 1845 199 1912 ³4
216 1849 383 1945 Centum
405 1851 615 1950 juvencos,
638 1853 723 1931 sive
742 1853 775 1905 35
795 1851 978 1931 mendaci
1002 1849 1089 1955 lyra

162 1972 283 2052 Voles
302 1975 430 2052 sonari
454 2008 463 2053 ε
488 1992 530 2051 tu
553 1977 725 2080 pudica,
746 1992 790 2054 tu
814 1974 937 2081 proba

47 2172 55 2179 .
164 2101 199 2152 ³⁶
218 2101 520 2180 Perambulabis
544 2121 647 2182 astra
668 2105 774 2183 sidus
794 2132 969 2183 aureum.

162 2225 200 2291 37
215 2226 379 2304 Infantis
395 2218 558 2302 Helenae
580 2228 716 2305 Castor
736 2228 901 2307 offensus
923 2228 1040 2322 viee,

165 2353 201 2407 3⁸
217 2355 428 2461 Fraterque
450 2355 584 2460 magni
605 2357 799 2450 Castoris,
824 2356 920 2434 victi
943 2385 1082 2462 prece,

166 2480 364 2583 Adempta
386 2482 419 2548 39
443 2481 526 2558 vati
547 2482 754 2566 reddidere
775 2482 938 2560 lumina.

167 2618 203 2667 4⁰
219 2604 269 2678 Et
284 2620 327 2680 tu
350 2607 489 2710 (potes
508 2607 633 2701 narn)
656 2605 763 2684 solve
786 2636 849 2683 me
872 2606 1065 2714 dementia
1084 2638 1093 2685 s

64 2733 131 2787 'tiam
148 2731 164 2786 b
179 2751 222 2786 me
239 2749 389 2808 negatum,
406 2754 505 2809 nempe
523 2732 630 2789 Sabella
664 2744 740 2790 enim
750 2737 854 2790 Medea
866 2756 903 2789 ex
917 2736 1032 2790 Colcho.

65 2817 630 2891 carminaincreptrepectus,idest,tna·
701 2837 738 2894 ²9
761 2821 830 2891 Quis
853 2822 985 2875 terminus
1009 2820 1059 2873 erit
1081 2820 1138 2872 istis
1161 2819 1230 2872 meis

66 2903 142 2975 gicas
160 2902 356 2955 incantationes
376 2921 454 2975 posse
476 2902 630 2975 perturbare
664 2905 766 2958 malisl
786 2905 820 2958 50
838 2905 913 2975 Quas
929 2922 1022 2977 poenas
1038 2903 1207 2975 pecuniarias
1218 2901 1240 2963 ,'

67 2999 175 3038 mentes
190 2983 330 3039 humanas.
349 2993 383 3050 ²4
401 2985 526 3056 Dirumpi
540 2983 630 3038 mtle-
665 3003 713 3041 aut
724 2986 855 3041 tributum
871 2986 887 3038 i
901 3005 946 3039 me
961 2985 1068 3058 exigis?
1083 2983 1115 3036 δι
1131 2983 1228 3038 Poenas

67 3065 629 3131 ficocnrtuine.MorsiSabinissuntviciai,
666 3071 729 3126 ite
750 3072 893 3144 imperatas
917 3069 1001 3126 luam.
1030 3066 1065 3121 32
1090 3065 1229 3121 Fiuetiter.

67 3147 85 3203 d
103 3151 195 3205 Circes
209 3150 266 3205 filio
282 3151 414 3223 originem
430 3148 577 3204 trabentes.
666 3155 702 3208 33
717 3155 826 3208 Paratus
841 3171 952 3229 purgare
971 3166 999 3206 et
1015 3148 1106 3206 lassam
1120 3165 1150 3222 ,te
1165 3150 1230 3224 pla-

106 3234 141 3289 25
156 3235 257 3290 Cruore
272 3235 420 3300 Centauri,
435 3235 481 3307 qui
494 3234 633 3304 Deianirae
667 3243 737 3290 cate.
748 3238 782 3305 34
789 3235 840 3291 Pro
848 3232 1033 3289 sacrificiotibi
1040 3232 1229 3288 immolandos.

68 3323 126 3374 vim
147 3319 246 3376 interro
269 3316 426 3374 conabatur.
460 3313 530 3370 Vide
553 3334 633 3388 supts
712 3319 747 3374 55
776 3319 805 3376 Si
827 3319 902 3374 voles
925 3316 1028 3376 laudnt
1053 3315 1232 3371 mendacibus

67 3404 156 3479 Epod.
168 3425 195 3457 v.
215 3402 250 3457 26
262 3403 322 3457 Nec
337 3416 442 3455 tanturn
458 3399 566 3453 flamm
584 3401 631 3453 vi·
666 3404 849 3470 carminibus,
866 3400 939 3477 quod
956 3400 1018 3465 liet,
1034 3402 1057 3455 si
1067 3403 1106 3455 sic
1119 3397 1229 3455 dicam:

69 3508 146 3555 ronst
163 3486 216 3562 (id
228 3502 283 3554 est,
302 3487 409 3540 llemms
426 3484 552 3540 validaet
562 3501 631 3559 per-
665 3503 696 3541 tu
707 3486 821 3561 pudica,
836 3485 976 3558 tuproba,
988 3499 1041 3540 etc.
1060 3485 1148 3540 3an
1157 3481 1231 3537 sidus

69 3568 170 3646 petua)
179 3569 254 3624 ardet
262 3573 292 3624 'tu
301 3569 400 3624 Sicano
408 3568 512 3634 AEtna,
522 3587 580 3641 quta
591 3583 632 3622 est
665 3591 778 3626 aureum
790 3573 862 3624 inter
874 3585 943 3625 nstra
959 3569 1114 3626 versaberis.

69 3657 101 3708 in
117 3652 229 3719 Sicilie,
243 3668 373 3727 quantum
387 3672 437 3726 agn
452 3651 542 3706 arden.
561 3652 631 3722 Qui·
701 3654 738 3726 37
766 3654 901 3710 Helenam
922 3653 1090 3712 Stesichorus
1111 3647 1231 3704 versibus

68 3737 135 3793 nam
144 3735 238 3790 volunt
251 3755 258 3789 z
272 3736 487 3792 iurensllemma.
666 3736 869 3792 contumeliosis
877 3735 1063 3791 infamaverat.
1080 3733 1114 3785 38
1124 3729 1232 3784 Pollux.

69 3865 72 3870 .
107 3839 143 3891 27
157 3823 254 3875 Donec
266 3818 436 3875 triduscinis
450 3819 553 3884 factus,
568 3818 632 3874 liant
667 3822 707 3893 39
720 3820 873 3877 stesichoro
890 3819 983 3874 oculus
1001 3813 1188 3872 reddiderunt.
1238 3871 1241 3878 ,

70 3906 160 3959 ventis
182 3902 309 3958 ludibrio.
337 3905 372 3957 28
395 3901 480 3957 Ardes
505 3919 632 3977 tanquam
703 3901 1227 3972 soEttu,sznidin,eorumsxem-

70 3988 180 4044 officina
189 3987 294 4062 saplets
305 3987 415 4043 teneris
424 3986 541 4045 Medeae.
558 3989 633 4043 Erat
667 3987 731 4063 plo,
745 3986 873 4054 solvente
884 3978 1236 4053 nonnunquampttion
