<?xml version="1.0" encoding="UTF-8"?>
<!DOCTYPE html PUBLIC "-//W3C//DTD XHTML 1.0 Transitional//EN"
    "http://www.w3.org/TR/xhtml1/DTD/xhtml1-transitional.dtd">
<html xmlns="http://www.w3.org/1999/xhtml" xml:lang="en" lang="en">
 <head>
  <title>
</title>
<meta http-equiv="Content-Type" content="text/html;charset=utf-8" />
  <meta name='ocr-system' content='tesseract 3.04.00' />
  <meta name='ocr-capabilities' content='ocr_page ocr_carea ocr_par ocr_line ocrx_word'/>
</head>
<body>
  <div class='ocr_page' id='page_1' title='image "./quintushoratius01horagoog_0021.png"; bbox 0 0 2842 4750; ppageno 0'>
   <div class='ocr_carea' id='block_1_1' title="bbox 425 300 1188 409">
    <p class='ocr_par' dir='ltr' id='par_1_1' title="bbox 425 300 1188 409">
     <span class='ocr_line' id='line_1_1' title="bbox 425 300 1188 409; baseline -0.003 -12"><span class='ocrx_word' id='word_1_1' title='bbox 425 300 861 405; x_wconf 48' lang='lat' dir='ltr'>PRAEM&#39;i&#39;ssmb-</span> <span class='ocrx_word' id='word_1_2' title='bbox 915 328 919 335; x_wconf 83' lang='grc'><em>“</em></span> <span class='ocrx_word' id='word_1_3' title='bbox 1128 310 1188 409; x_wconf 61' lang='lat' dir='ltr'>sn</span> 
     </span>
    </p>
   </div>
   <div class='ocr_carea' id='block_1_2' title="bbox 37 454 1185 1338">
    <p class='ocr_par' dir='ltr' id='par_1_2' title="bbox 37 454 1185 1338">
     <span class='ocr_line' id='line_1_2' title="bbox 37 454 1185 600; baseline 0.003 -35"><span class='ocrx_word' id='word_1_4' title='bbox 37 477 172 573; x_wconf 75' lang='lat' dir='ltr'>ticino</span> <span class='ocrx_word' id='word_1_5' title='bbox 185 547 200 589; x_wconf 89' lang='lat'>,</span> <span class='ocrx_word' id='word_1_6' title='bbox 214 454 465 600; x_wconf 63' lang='lat' dir='ltr'>⁴nonaeque</span> <span class='ocrx_word' id='word_1_7' title='bbox 487 480 571 572; x_wconf 87' lang='lat' dir='ltr'>tibi</span> <span class='ocrx_word' id='word_1_8' title='bbox 591 513 603 570; x_wconf 77' lang='lat' dir='ltr'>t</span> <span class='ocrx_word' id='word_1_9' title='bbox 621 478 731 599; x_wconf 81' lang='lat' dir='ltr'>&#39;quid</span> <span class='ocrx_word' id='word_1_10' title='bbox 748 491 899 580; x_wconf 78' lang='lat' dir='ltr'>autem</span> <span class='ocrx_word' id='word_1_11' title='bbox 923 478 1185 589; x_wconf 79' lang='lat' dir='ltr'>Scholiastae</span> 
     </span>
     <span class='ocr_line' id='line_1_3' title="bbox 37 624 1183 747; baseline 0.004 -38"><span class='ocrx_word' id='word_1_12' title='bbox 37 643 188 734; x_wconf 83' lang='lat' dir='ltr'>restat,</span> <span class='ocrx_word' id='word_1_13' title='bbox 210 624 295 721; x_wconf 85' lang='lat' dir='ltr'>nisi</span> <span class='ocrx_word' id='word_1_14' title='bbox 311 641 360 715; x_wconf 87' lang='lat' dir='ltr'>ut</span> <span class='ocrx_word' id='word_1_15' title='bbox 383 626 575 747; x_wconf 70' lang='lat' dir='ltr'>explicet</span> <span class='ocrx_word' id='word_1_16' title='bbox 596 625 753 725; x_wconf 86' lang='lat' dir='ltr'>omnia</span> <span class='ocrx_word' id='word_1_17' title='bbox 777 641 913 744; x_wconf 91' lang='lat' dir='ltr'>atque</span> <span class='ocrx_word' id='word_1_18' title='bbox 944 656 1183 731; x_wconf 61' lang='lat' dir='ltr'>commem,</span> 
     </span>
     <span class='ocr_line' id='line_1_4' title="bbox 39 752 1181 899; baseline 0.006 -42"><span class='ocrx_word' id='word_1_19' title='bbox 39 784 183 889; x_wconf 81' lang='lat' dir='ltr'>tetur,</span> <span class='ocrx_word' id='word_1_20' title='bbox 198 788 249 867; x_wconf 86' lang='lat' dir='ltr'>ut</span> <span class='ocrx_word' id='word_1_21' title='bbox 265 800 316 867; x_wconf 86' lang='lat' dir='ltr'>se</span> <span class='ocrx_word' id='word_1_22' title='bbox 345 776 405 891; x_wconf 82' lang='lat' dir='ltr'>ad</span> <span class='ocrx_word' id='word_1_23' title='bbox 426 776 600 899; x_wconf 70' lang='lat' dir='ltr'>diversa</span> <span class='ocrx_word' id='word_1_24' title='bbox 611 752 934 873; x_wconf 84' lang='lat' dir='ltr'>accommodet</span> <span class='ocrx_word' id='word_1_25' title='bbox 964 773 1181 894; x_wconf 72' lang='lat' dir='ltr'>ingenia?</span> 
     </span>
     <span class='ocr_line' id='line_1_5' title="bbox 38 898 1179 1045; baseline 0.005 -37"><span class='ocrx_word' id='word_1_26' title='bbox 38 920 146 1035; x_wconf 86' lang='lat' dir='ltr'>quod</span> <span class='ocrx_word' id='word_1_27' title='bbox 174 898 298 1013; x_wconf 89' lang='lat' dir='ltr'>idem</span> <span class='ocrx_word' id='word_1_28' title='bbox 324 937 481 1019; x_wconf 80' lang='lat' dir='ltr'>noster</span> <span class='ocrx_word' id='word_1_29' title='bbox 510 916 702 1017; x_wconf 81' lang='lat' dir='ltr'>feliciter</span> <span class='ocrx_word' id='word_1_30' title='bbox 734 921 937 1045; x_wconf 82' lang='lat' dir='ltr'>peregit,</span> <span class='ocrx_word' id='word_1_31' title='bbox 968 922 1179 1014; x_wconf 89' lang='lat' dir='ltr'>omnium</span> 
     </span>
     <span class='ocr_line' id='line_1_6' title="bbox 39 1050 1180 1197; baseline 0.007 -42"><span class='ocrx_word' id='word_1_32' title='bbox 39 1097 133 1183; x_wconf 81' lang='lat' dir='ltr'>quos</span> <span class='ocrx_word' id='word_1_33' title='bbox 147 1070 420 1197; x_wconf 80' lang='lat' dir='ltr'>antecedens</span> <span class='ocrx_word' id='word_1_34' title='bbox 435 1088 481 1163; x_wconf 86' lang='lat' dir='ltr'>et</span> <span class='ocrx_word' id='word_1_35' title='bbox 491 1089 644 1165; x_wconf 85' lang='lat' dir='ltr'>nostra</span> <span class='ocrx_word' id='word_1_36' title='bbox 656 1072 758 1165; x_wconf 87' lang='lat' dir='ltr'>tulit</span> <span class='ocrx_word' id='word_1_37' title='bbox 780 1050 886 1165; x_wconf 78' lang='lat' dir='ltr'>aetas</span> <span class='ocrx_word' id='word_1_38' title='bbox 901 1103 1005 1162; x_wconf 89' lang='lat' dir='ltr'>cum</span> <span class='ocrx_word' id='word_1_39' title='bbox 1022 1074 1180 1194; x_wconf 89' lang='lat' dir='ltr'>plausu</span> 
     </span>
     <span class='ocr_line' id='line_1_7' title="bbox 42 1195 432 1338; baseline 0.028 -38"><span class='ocrx_word' id='word_1_40' title='bbox 42 1226 77 1301; x_wconf 82' lang='lat' dir='ltr'>et</span> <span class='ocrx_word' id='word_1_41' title='bbox 95 1195 432 1338; x_wconf 67' lang='lat' dir='ltr'>approbatione.</span> 
     </span>
    </p>
   </div>
   <div class='ocr_carea' id='block_1_3' title="bbox 39 1382 1270 4041">
    <p class='ocr_par' dir='ltr' id='par_1_3' title="bbox 39 1382 1270 4041">
     <span class='ocr_line' id='line_1_8' title="bbox 87 1382 1183 1503; baseline 0.006 -33"><span class='ocrx_word' id='word_1_42' title='bbox 87 1382 255 1473; x_wconf 75' lang='lat' dir='ltr'>Hosos.</span> <span class='ocrx_word' id='word_1_43' title='bbox 266 1382 424 1503; x_wconf 84' lang='lat' dir='ltr'>igitur,</span> <span class='ocrx_word' id='word_1_44' title='bbox 443 1384 663 1503; x_wconf 73' lang='lat' dir='ltr'>Lamon,</span> <span class='ocrx_word' id='word_1_45' title='bbox 679 1385 819 1477; x_wconf 87' lang='lat' dir='ltr'>habes</span> <span class='ocrx_word' id='word_1_46' title='bbox 833 1386 1183 1489; x_wconf 81' lang='lat' dir='ltr'>commentarios</span> 
     </span>
     <span class='ocr_line' id='line_1_9' title="bbox 42 1520 1179 1648; baseline 0.017 -38"><span class='ocrx_word' id='word_1_47' title='bbox 42 1520 77 1612; x_wconf 88' lang='lat' dir='ltr'>in</span> <span class='ocrx_word' id='word_1_48' title='bbox 92 1558 178 1645; x_wconf 85' lang='lat' dir='ltr'>uno</span> <span class='ocrx_word' id='word_1_49' title='bbox 196 1530 434 1625; x_wconf 82' lang='lat' dir='ltr'>volumine</span> <span class='ocrx_word' id='word_1_50' title='bbox 450 1536 743 1648; x_wconf 51' lang='lat' dir='ltr'>‚recollectos</span> <span class='ocrx_word' id='word_1_51' title='bbox 760 1538 910 1627; x_wconf 76' lang='lat' dir='ltr'>forma</span> <span class='ocrx_word' id='word_1_52' title='bbox 930 1550 980 1627; x_wconf 88' lang='lat' dir='ltr'>et.</span> <span class='ocrx_word' id='word_1_53' title='bbox 995 1536 1179 1629; x_wconf 84' lang='lat' dir='ltr'>charac-</span> 
     </span>
     <span class='ocr_line' id='line_1_10' title="bbox 42 1674 1181 1795; baseline 0.011 -33"><span class='ocrx_word' id='word_1_54' title='bbox 42 1674 184 1769; x_wconf 86' lang='lat' dir='ltr'>teribus</span> <span class='ocrx_word' id='word_1_55' title='bbox 217 1708 317 1768; x_wconf 89' lang='lat' dir='ltr'>non</span> <span class='ocrx_word' id='word_1_56' title='bbox 345 1680 403 1770; x_wconf 79' lang='lat' dir='ltr'>nd</span> <span class='ocrx_word' id='word_1_57' title='bbox 432 1681 568 1773; x_wconf 85' lang='lat' dir='ltr'>hunc</span> <span class='ocrx_word' id='word_1_58' title='bbox 592 1683 713 1773; x_wconf 90' lang='lat' dir='ltr'>diem</span> <span class='ocrx_word' id='word_1_59' title='bbox 740 1683 986 1795; x_wconf 80' lang='lat' dir='ltr'>exhibitis,</span> <span class='ocrx_word' id='word_1_60' title='bbox 1020 1685 1181 1778; x_wconf 84' lang='lat' dir='ltr'>charta</span> 
     </span>
     <span class='ocr_line' id='line_1_11' title="bbox 42 1820 1178 1959; baseline 0.015 -53"><span class='ocrx_word' id='word_1_61' title='bbox 42 1844 133 1934; x_wconf 87' lang='lat' dir='ltr'>pura</span> <span class='ocrx_word' id='word_1_62' title='bbox 150 1840 193 1913; x_wconf 90' lang='lat' dir='ltr'>et</span> <span class='ocrx_word' id='word_1_63' title='bbox 219 1820 527 1934; x_wconf 73' lang='lat' dir='ltr'>summanum</span> <span class='ocrx_word' id='word_1_64' title='bbox 551 1861 658 1920; x_wconf 88' lang='lat' dir='ltr'>cura</span> <span class='ocrx_word' id='word_1_65' title='bbox 681 1860 890 1947; x_wconf 79' lang='lat' dir='ltr'>excusos,</span> <span class='ocrx_word' id='word_1_66' title='bbox 913 1846 959 1959; x_wconf 77' lang='lat' dir='ltr'>et</span> <span class='ocrx_word' id='word_1_67' title='bbox 978 1831 1178 1923; x_wconf 85' lang='lat' dir='ltr'>maxima</span> 
     </span>
     <span class='ocr_line' id='line_1_12' title="bbox 41 1972 1178 2102; baseline 0.015 -50"><span class='ocrx_word' id='word_1_68' title='bbox 41 1995 126 2058; x_wconf 89' lang='lat' dir='ltr'>cum</span> <span class='ocrx_word' id='word_1_69' title='bbox 153 1972 390 2097; x_wconf 82' lang='lat' dir='ltr'>diligentia</span> <span class='ocrx_word' id='word_1_70' title='bbox 425 1977 679 2073; x_wconf 84' lang='lat' dir='ltr'>recensitos.</span> <span class='ocrx_word' id='word_1_71' title='bbox 712 1979 966 2102; x_wconf 79' lang='lat' dir='ltr'>Attamen,</span> <span class='ocrx_word' id='word_1_72' title='bbox 998 2011 1100 2071; x_wconf 89' lang='lat' dir='ltr'>cum</span> <span class='ocrx_word' id='word_1_73' title='bbox 1120 1978 1178 2069; x_wconf 77' lang='lat' dir='ltr'>&#39;in</span> 
     </span>
     <span class='ocr_line' id='line_1_13' title="bbox 40 2117 1176 2247; baseline 0.007 -36"><span class='ocrx_word' id='word_1_74' title='bbox 40 2117 166 2211; x_wconf 63' lang='lat' dir='ltr'>nullas</span> <span class='ocrx_word' id='word_1_75' title='bbox 185 2121 691 2246; x_wconf 51' lang='lat' dir='ltr'>locisreceptusnftunc</span> <span class='ocrx_word' id='word_1_76' title='bbox 713 2129 955 2247; x_wconf 82' lang='lat' dir='ltr'>temporis,</span> <span class='ocrx_word' id='word_1_77' title='bbox 975 2131 1054 2217; x_wconf 90' lang='lat' dir='ltr'>sed</span> <span class='ocrx_word' id='word_1_78' title='bbox 1077 2161 1176 2219; x_wconf 90' lang='lat' dir='ltr'>non</span> 
     </span>
     <span class='ocr_line' id='line_1_14' title="bbox 40 2268 1179 2397; baseline 0.011 -45"><span class='ocrx_word' id='word_1_79' title='bbox 40 2268 194 2389; x_wconf 83' lang='lat' dir='ltr'>optimis</span> <span class='ocrx_word' id='word_1_80' title='bbox 218 2274 805 2369; x_wconf 74' lang='lat' dir='ltr'>consentaneumcodicibus</span> <span class='ocrx_word' id='word_1_81' title='bbox 818 2277 1179 2397; x_wconf 83' lang='lat' dir='ltr'>editionibusqna</span> 
     </span>
     <span class='ocr_line' id='line_1_15' title="bbox 42 2421 1242 2542; baseline 0.008 -34"><span class='ocrx_word' id='word_1_82' title='bbox 42 2429 190 2513; x_wconf 83' lang='lat' dir='ltr'>textum</span> <span class='ocrx_word' id='word_1_83' title='bbox 222 2421 399 2518; x_wconf 79' lang='lat' dir='ltr'>secatus</span> <span class='ocrx_word' id='word_1_84' title='bbox 427 2442 542 2522; x_wconf 82' lang='lat' dir='ltr'>esset</span> <span class='ocrx_word' id='word_1_85' title='bbox 578 2430 611 2522; x_wconf 89' lang='lat' dir='ltr'><strong>J</strong></span> <span class='ocrx_word' id='word_1_86' title='bbox 619 2428 880 2520; x_wconf 63' lang='lat' dir='ltr'>cnissis</span> <span class='ocrx_word' id='word_1_87' title='bbox 911 2429 1097 2542; x_wconf 74' lang='lat' dir='ltr'>Bono,</span> <span class='ocrx_word' id='word_1_88' title='bbox 1128 2428 1177 2516; x_wconf 92' lang='lat' dir='ltr'>id</span> <span class='ocrx_word' id='word_1_89' title='bbox 1240 2436 1242 2440; x_wconf 73' lang='grc'>’</span> 
     </span>
     <span class='ocr_line' id='line_1_16' title="bbox 42 2570 1175 2697; baseline 0.005 -39"><span class='ocrx_word' id='word_1_90' title='bbox 42 2570 297 2686; x_wconf 82' lang='lat' dir='ltr'>potissimum</span> <span class='ocrx_word' id='word_1_91' title='bbox 332 2577 511 2690; x_wconf 77' lang='lat' dir='ltr'>curavi,</span> <span class='ocrx_word' id='word_1_92' title='bbox 542 2579 681 2667; x_wconf 83' lang='lat' dir='ltr'>ut·ad</span> <span class='ocrx_word' id='word_1_93' title='bbox 708 2576 944 2697; x_wconf 80' lang='lat' dir='ltr'>pristinum</span> <span class='ocrx_word' id='word_1_94' title='bbox 978 2576 1175 2668; x_wconf 80' lang='lat' dir='ltr'>nitorem</span> 
     </span>
     <span class='ocr_line' id='line_1_17' title="bbox 40 2725 1177 2850; baseline 0.008 -47"><span class='ocrx_word' id='word_1_95' title='bbox 40 2738 301 2816; x_wconf 83' lang='lat' dir='ltr'>revocaretur</span> <span class='ocrx_word' id='word_1_96' title='bbox 319 2727 601 2836; x_wconf 73' lang='lat' dir='ltr'>Honincs,</span> <span class='ocrx_word' id='word_1_97' title='bbox 624 2726 880 2850; x_wconf 72' lang='lat' dir='ltr'>juvantibus</span> <span class='ocrx_word' id='word_1_98' title='bbox 900 2725 1177 2835; x_wconf 86' lang='lat' dir='ltr'>Schrevelio,</span> 
     </span>
     <span class='ocr_line' id='line_1_18' title="bbox 40 2863 1174 2994; baseline 0.005 -38"><span class='ocrx_word' id='word_1_99' title='bbox 40 2863 259 2987; x_wconf 84' lang='lat' dir='ltr'>Bentleio,</span> <span class='ocrx_word' id='word_1_100' title='bbox 296 2879 524 2988; x_wconf 85' lang='lat' dir='ltr'>Baxtero,</span> <span class='ocrx_word' id='word_1_101' title='bbox 560 2878 722 2969; x_wconf 76' lang='lat' dir='ltr'>Valent</span> <span class='ocrx_word' id='word_1_102' title='bbox 769 2874 1025 2994; x_wconf 84' lang='lat' dir='ltr'>caeterisque</span> <span class='ocrx_word' id='word_1_103' title='bbox 1069 2905 1174 2963; x_wconf 86' lang='lat' dir='ltr'>cum</span> 
     </span>
     <span class='ocr_line' id='line_1_19' title="bbox 42 3017 1175 3149; baseline 0.004 -40"><span class='ocrx_word' id='word_1_104' title='bbox 42 3017 160 3114; x_wconf 86' lang='lat' dir='ltr'>Codd.</span> <span class='ocrx_word' id='word_1_105' title='bbox 181 3044 278 3115; x_wconf 88' lang='lat' dir='ltr'>tum</span> <span class='ocrx_word' id='word_1_106' title='bbox 300 3029 425 3117; x_wconf 61' lang='lat' dir='ltr'><strong>Eddz·</strong></span> <span class='ocrx_word' id='word_1_107' title='bbox 441 3028 617 3148; x_wconf 84' lang='lat' dir='ltr'>priscis,</span> <span class='ocrx_word' id='word_1_108' title='bbox 636 3022 830 3149; x_wconf 77' lang='lat' dir='ltr'>quoruni</span> <span class='ocrx_word' id='word_1_109' title='bbox 851 3024 1175 3122; x_wconf 69' lang='lat' dir='ltr'>observationi-2</span> 
     </span>
     <span class='ocr_line' id='line_1_20' title="bbox 41 3161 1174 3294; baseline 0.004 -37"><span class='ocrx_word' id='word_1_110' title='bbox 41 3161 107 3263; x_wconf 83' lang='lat' dir='ltr'>bus</span> <span class='ocrx_word' id='word_1_111' title='bbox 139 3206 191 3266; x_wconf 90' lang='lat' dir='ltr'>ac</span> <span class='ocrx_word' id='word_1_112' title='bbox 222 3177 496 3269; x_wconf 79' lang='lat' dir='ltr'>variantibus</span> <span class='ocrx_word' id='word_1_113' title='bbox 526 3175 673 3265; x_wconf 87' lang='lat' dir='ltr'>sobrie</span> <span class='ocrx_word' id='word_1_114' title='bbox 709 3175 922 3294; x_wconf 90' lang='lat' dir='ltr'>quidem,</span> <span class='ocrx_word' id='word_1_115' title='bbox 956 3188 1000 3262; x_wconf 89' lang='lat' dir='ltr'>et</span> <span class='ocrx_word' id='word_1_116' title='bbox 1036 3203 1174 3292; x_wconf 86' lang='lat' dir='ltr'>quam</span> 
     </span>
     <span class='ocr_line' id='line_1_21' title="bbox 41 3301 1177 3436; baseline 0.004 -30"><span class='ocrx_word' id='word_1_117' title='bbox 41 3312 274 3415; x_wconf 86' lang='lat' dir='ltr'>brevissime</span> <span class='ocrx_word' id='word_1_118' title='bbox 297 3360 401 3416; x_wconf 89' lang='lat' dir='ltr'>usus</span> <span class='ocrx_word' id='word_1_119' title='bbox 421 3348 547 3436; x_wconf 88' lang='lat' dir='ltr'>sum,</span> <span class='ocrx_word' id='word_1_120' title='bbox 567 3324 630 3411; x_wconf 89' lang='lat' dir='ltr'>ita</span> <span class='ocrx_word' id='word_1_121' title='bbox 651 3313 830 3433; x_wconf 86' lang='lat' dir='ltr'>tamen,</span> <span class='ocrx_word' id='word_1_122' title='bbox 849 3337 901 3411; x_wconf 88' lang='lat' dir='ltr'>ut</span> <span class='ocrx_word' id='word_1_123' title='bbox 918 3301 1177 3414; x_wconf 88' lang='lat' dir='ltr'>Horatiano</span> 
     </span>
     <span class='ocr_line' id='line_1_22' title="bbox 39 3458 1270 3594; baseline 0.007 -42"><span class='ocrx_word' id='word_1_124' title='bbox 39 3472 160 3580; x_wconf 68' lang='lat' dir='ltr'>textui</span> <span class='ocrx_word' id='word_1_125' title='bbox 182 3475 386 3594; x_wconf 83' lang='lat' dir='ltr'>apprime</span> <span class='ocrx_word' id='word_1_126' title='bbox 411 3475 725 3566; x_wconf 84' lang='lat' dir='ltr'>consentirent.</span> <span class='ocrx_word' id='word_1_127' title='bbox 751 3473 943 3585; x_wconf 89' lang='lat' dir='ltr'>Itidem,</span> <span class='ocrx_word' id='word_1_128' title='bbox 965 3472 1002 3562; x_wconf 92' lang='lat' dir='ltr'>si</span> <span class='ocrx_word' id='word_1_129' title='bbox 1020 3470 1068 3560; x_wconf 90' lang='lat' dir='ltr'>in</span> <span class='ocrx_word' id='word_1_130' title='bbox 1092 3470 1176 3560; x_wconf 52' lang='lat' dir='ltr'>ali*</span> <span class='ocrx_word' id='word_1_131' title='bbox 1266 3458 1270 3463; x_wconf 26' lang='lat'>⁸</span> 
     </span>
     <span class='ocr_line' id='line_1_23' title="bbox 40 3617 1217 3744; baseline 0.002 -41"><span class='ocrx_word' id='word_1_132' title='bbox 40 3631 130 3724; x_wconf 85' lang='lat' dir='ltr'>quot</span> <span class='ocrx_word' id='word_1_133' title='bbox 154 3622 295 3730; x_wconf 90' lang='lat' dir='ltr'>notis,</span> <span class='ocrx_word' id='word_1_134' title='bbox 320 3624 446 3744; x_wconf 66' lang='lat' dir='ltr'>quod</span> <span class='ocrx_word' id='word_1_135' title='bbox 473 3654 576 3714; x_wconf 88' lang='lat' dir='ltr'>raro</span> <span class='ocrx_word' id='word_1_136' title='bbox 604 3622 781 3735; x_wconf 86' lang='lat' dir='ltr'>evenit,</span> <span class='ocrx_word' id='word_1_137' title='bbox 814 3619 1074 3713; x_wconf 85' lang='lat' dir='ltr'>dilucidatio</span> <span class='ocrx_word' id='word_1_138' title='bbox 1101 3617 1175 3713; x_wconf 88' lang='lat' dir='ltr'>vel</span> <span class='ocrx_word' id='word_1_139' title='bbox 1214 3663 1217 3678; x_wconf 67' lang='lat'><em>‹</em></span> 
     </span>
     <span class='ocr_line' id='line_1_24' title="bbox 39 3762 1176 3890; baseline 0.011 -47"><span class='ocrx_word' id='word_1_140' title='bbox 39 3762 157 3884; x_wconf 85' lang='lat' dir='ltr'>paulo</span> <span class='ocrx_word' id='word_1_141' title='bbox 182 3769 396 3881; x_wconf 86' lang='lat' dir='ltr'>obscura,</span> <span class='ocrx_word' id='word_1_142' title='bbox 429 3770 500 3864; x_wconf 87' lang='lat' dir='ltr'>vel</span> <span class='ocrx_word' id='word_1_143' title='bbox 528 3769 718 3860; x_wconf 88' lang='lat' dir='ltr'>omnino</span> <span class='ocrx_word' id='word_1_144' title='bbox 751 3768 998 3890; x_wconf 84' lang='lat' dir='ltr'>incongrua</span> <span class='ocrx_word' id='word_1_145' title='bbox 1026 3783 1139 3859; x_wconf 86' lang='lat' dir='ltr'>esset</span> <span class='ocrx_word' id='word_1_146' title='bbox 1156 3804 1176 3884; x_wconf 20' lang='lat'>3⁴</span> 
     </span>
     <span class='ocr_line' id='line_1_25' title="bbox 39 3914 1177 4041; baseline 0.014 -46"><span class='ocrx_word' id='word_1_147' title='bbox 39 3914 266 4012; x_wconf 80' lang='lat' dir='ltr'>multorum</span> <span class='ocrx_word' id='word_1_148' title='bbox 292 3950 406 4041; x_wconf 85' lang='lat' dir='ltr'>quos</span> <span class='ocrx_word' id='word_1_149' title='bbox 432 3921 478 4010; x_wconf 88' lang='lat' dir='ltr'>in</span> <span class='ocrx_word' id='word_1_150' title='bbox 508 3920 974 4014; x_wconf 83' lang='lat' dir='ltr'>menibushabebam</span> <span class='ocrx_word' id='word_1_151' title='bbox 1002 3919 1177 4015; x_wconf 80' lang='lat' dir='ltr'>collatis</span> 
     </span>
    </p>
   </div>
   <div class='ocr_carea' id='block_1_4' title="bbox 0 0 1426 4750">
    <p class='ocr_par' dir='ltr' id='par_1_4' title="bbox 0 0 1426 4750">
     <span class='ocr_line' id='line_1_26' title="bbox 0 0 1426 4750; baseline 0 0"><span class='ocrx_word' id='word_1_152' title='bbox 0 0 1426 4750; x_wconf 95' lang='lat' dir='ltr'> </span> 
     </span>
    </p>
   </div>
  </div>
 </body>
</html>
