2842 4750
211 350 285 429 150
603 365 642 434 o.
695 362 725 413 tr
745 362 771 414 ο
789 360 816 414 n
839 357 910 414 Ar
931 359 981 414 11

209 549 287 625 An
308 542 616 623 GALATEAM
633 533 1067 619 Nnvtcnrunnu.
1096 498 1182 610 oie
1198 534 1380 616 xxvn.

326 752 509 824 Deterret
531 773 620 822 eam
639 747 844 844 praecipue
867 737 1049 840 exemplo
1074 735 1259 839 Eumpoe.

312 958 327 996 ¹
349 909 544 1020 ῙΜΡΙοε
569 967 693 1044 parrae
707 953 731 1026 ,²
755 933 965 1045 recinentis
987 958 1104 1009 omen

311 1071 330 1123 3
350 1070 509 1160 Ducat,
535 1080 574 1141 et
597 1091 799 1169 praegnans
823 1060 958 1150 canis,
982 1073 1051 1133 aut
1074 1054 1126 1132 ab
1146 1081 1241 1159 agro

313 1211 332 1261 4
351 1196 465 1271 Rava
489 1194 699 1269 decurrens
724 1190 817 1292 lupa
841 1189 857 1238 ⁵
880 1182 1115 1275 Lanuvino,

464 1319 481 1371 ⁶
502 1319 532 1394 F
535 1334 690 1420 oetaque
716 1313 881 1418 vulpes:

315 1449 491 1550 Rumpat
515 1462 553 1520 et
574 1472 729 1548 serpens
750 1444 826 1519 iter
848 1440 1102 1533 institutum,

314 1594 332 1644 ⁷
354 1576 392 1653 Si
415 1603 484 1681 per
504 1572 709 1677 obliquum
732 1568 870 1648 similis
891 1569 908 1620 ⁸
933 1567 1084 1671 sagittae

316 1701 477 1779 Terruit
502 1726 676 1807 mannos.
700 1715 718 1766 9
741 1699 852 1802 Ego,
879 1695 945 1771 cui
970 1691 1116 1769 timebo

471 1844 504 1881 ¹0
527 1827 719 1904 Providus
741 1854 912 1931 auspex,

319 1953 547 2055 Antequam
573 1967 602 2001 11
628 1967 772 2028 stantes
794 1964 945 2054 repetat
967 1945 1131 2057 paludes

316 2078 511 2156 Imbrium
537 2094 569 2130 ¹²
593 2079 728 2157 divina
753 2078 839 2157 avis
862 2077 1168 2168 imminentem,

320 2202 355 2255 13
381 2192 567 2280 Oscinem
590 2231 752 2282 corvum
776 2230 890 2307 prece
914 2197 1109 2279 suscitabo

463 2330 560 2408 Solis
585 2329 637 2407 ab
662 2347 763 2410 ortu.
1155 2333 1157 2338 ’

319 2473 355 2526 ¹4
379 2459 438 2537 Sis
458 2458 553 2537 licet
575 2457 672 2534 felix
695 2456 939 2559 ubicumque
962 2453 1115 2549 mavis,
1162 2483 1166 2491 ·

254 2614 272 2654 'r
296 2596 431 2652 Homines
445 2595 542 2667 impii,
560 2608 588 2647 et
604 2592 726 2649 scelerati
739 2596 791 2649 iter
825 2595 956 2666 mittitur,
967 2591 1015 2647 sed
1024 2590 1179 2667 sagittahoc
1188 2589 1251 2645 loco
1262 2588 1387 2665 significat

219 2684 351 2741 ¹facientes
369 2693 450 2752 opto,
466 2693 496 2731 ut
509 2677 629 2731 habeant
646 2677 704 2733 haec
718 2677 791 2732 mala
827 2701 887 2737 eam
909 2679 1007 2742 smculi
1021 2695 1146 2755 partem,
1166 2698 1225 2752 qua
1244 2681 1276 2731 in
1294 2677 1387 2732 vitibus

221 2785 332 2822 suornm
350 2765 519 2835 inceptorum
538 2761 646 2825 omina,
659 2763 790 2816 nimirum
825 2770 956 2832 incurva,
981 2780 1010 2818 et
1030 2775 1154 2818 contorte
1182 2763 1330 2837 pangitur,
1351 2774 1387 2814 ett

221 2868 329 2925 parram
340 2864 417 2899 avem
431 2844 506 2916 cujus
515 2863 569 2897 vox
577 2845 659 2926 tristis
672 2859 729 2911 eet,
742 2863 791 2898 ra·
827 2853 902 2905 enim
922 2850 1039 2922 serpenti
1059 2845 1164 2900 similis.

223 2953 286 2987 vam
294 2930 401 3005 lupam,
413 2927 504 2981 foetam
516 2926 622 3000 vuipem
635 2943 663 2981 et
674 2946 790 3001 serpen·
860 2957 879 3009 9
889 2937 948 3008 Ego
960 2954 1017 2987 non
1027 2932 1076 2986 tibi
1085 2930 1197 2995 timebo,
1207 2931 1270 3005 quie
1279 2947 1331 2982 nec
1340 2927 1387 2980 im·

222 3032 281 3071 tem
299 3014 439 3078 velocem3
462 3009 509 3065 sed
528 3010 577 3064 tibi
601 3012 656 3082 jam
673 3015 791 3086 naviga-
825 3023 870 3095 pia
879 3038 924 3086 es,
943 3038 995 3073 nec
1011 3015 1076 3070 talia
1090 3030 1211 3069 monstra
1223 3013 1273 3068 tibi
1288 3013 1386 3067 tristem

224 3116 291 3155 turae
308 3098 376 3151 nihil
395 3096 448 3151 tale
468 3110 508 3150 est
525 3094 722 3163 metuendum,
742 3117 792 3172 ego
827 3105 955 3160 eventum
964 3097 1214 3177 pronuntiantem,
1226 3112 1280 3151 etc.
1298 3096 1387 3150 roFu-

224 3184 300 3237 enim
319 3182 467 3253 auspicium
483 3180 535 3233 feci
547 3219 555 3247 ‚
569 3195 622 3234 etc.
639 3179 687 3233 sed
699 3195 792 3236 tamen
828 3204 948 3243 tumtum
958 3184 1093 3260 providus.
1110 3206 1138 3238 ιι
1152 3181 1267 3236 Paludes
1279 3183 1388 3255 quietas,

224 3263 302 3320 vides
320 3266 385 3318 anni
407 3279 530 3338 tempus,
543 3279 596 3318 etc.
610 3282 628 3319 2
641 3264 727 3321 Parrae
740 3266 793 3320 ite-
827 3286 859 3325 ut
873 3286 979 3344 stagna,
994 3291 1053 3343 que
1068 3288 1125 3322 non
1136 3266 1231 3320 [luunt.
1248 3284 1280 3318 ια
1289 3264 1388 3320 Cornix

225 3369 286 3403 rum
296 3388 303 3413 ‚
315 3364 392 3421 atque
404 3350 502 3401 iterum
512 3350 644 3402 canentis.
660 3349 750 3402 3an
759 3350 794 3403 sit
827 3354 956 3409 imbrium
965 3356 1074 3426 praescia
1083 3367 1109 3406 et
1118 3350 1280 3424 prenuntia.
1296 3349 1328 3402 13
1337 3347 1390 3401 Ot-

218 3434 350 3496 itineris,
374 3451 407 3485 eo
421 3431 569 3497 nimirum,
583 3447 612 3508 ut
625 3433 701 3505 impii
721 3430 793 3485 male
828 3440 919 3492 cinem
942 3455 1054 3490 corvum
1069 3434 1217 3500 invocabo,
1235 3448 1267 3487 ut
1283 3432 1318 3486 ab
1335 3444 1389 3486 ortu

224 3529 348 3591 pereant.
357 3524 373 3581 4
384 3517 459 3586 Lupa
469 3512 566 3568 coloris
574 3517 649 3581 ravi,
662 3517 733 3569 inter
744 3514 795 3567 fla·
829 3519 892 3574 eolis
901 3518 1115 3593 felixeugurium
1124 3517 1196 3572 clare
1206 3518 1325 3571 occinat.
1335 3514 1389 3571 Os-

226 3620 310 3665 vum,
321 3614 348 3652 et
357 3601 473 3670 nigrum.
483 3597 714 3672 5Undecumque‚
724 3601 795 3671 Spe-
829 3605 904 3658 ciues
920 3605 995 3676 quati
1012 3603 1144 3667 oricinet,
1163 3599 1293 3655 dicuntur
1309 3616 1389 3660 aves,

226 3682 793 3757 eiesprogenere.6Vulpeegravida.7Cum
829 3705 887 3759 quse
905 3705 950 3741 ore
972 3700 1101 3739 canentes
1120 3683 1210 3738 future
1225 3681 1391 3757 praedicunt,

113 3776 117 3782 ⁴
227 3781 533 3840 serperetransversaex
543 3780 615 3838 parte
622 3768 793 3821 terruitman·
829 3782 982 3832 uteorum,
999 3770 1113 3836 cornix,
1128 3783 1237 3821 noctua.

189 3911 191 3916 ,
229 3870 295 3916 nos,
308 3847 404 3912 idest,
419 3868 501 3922 equos
517 3867 625 3902 currum
641 3849 793 3917 trabomen,
824 3921 828 3930 1
870 3860 901 3919 ι4
924 3849 1001 3906 Ordo
1019 3866 1079 3905 est:
1100 3850 1214 3906 Galeata
1231 3853 1267 3905 tie
1283 3849 1350 3905 felix
1366 3859 1392 3900 et

229 3933 328 4005 aurigae
347 3931 472 3986 manibus
484 3946 621 3999 assuetos,
646 3930 720 4006 quod
738 3948 795 3987 erat
829 3953 934 3989 mernor
951 3936 1054 4002 nostri,
1069 3933 1135 3990 licet
1150 3936 1225 3989 rives
1233 3932 1391 4004 ubicumque

228 4013 294 4069 mali
310 4016 419 4072 ominis.
435 4017 453 4071 8
470 4016 535 4072 Non
552 4035 610 4090 quae
627 4016 794 4092 &sagittario
830 4019 933 4090 mavis,
956 4016 987 4072 id
1002 4032 1063 4090 est,
1083 4020 1133 4074 etei
1151 4019 1317 4093 mevit-esse
1335 4015 1390 4068 sim
