2842 4750
611 296 651 367 ᾳ
703 294 967 352 nonaum

306 429 413 533 Apta
439 427 639 532 quadrigis
666 457 766 532 equa
790 461 798 507 :
822 447 859 505 te
882 427 943 506 bis
962 426 1063 506 Asro

454 565 488 619 27
511 551 666 627 Murice
691 550 824 627 tinctae

304 677 490 756 Vestiunt
516 678 616 754 lanae
637 710 646 755 :
668 678 703 729 ²⁸
722 675 823 757 mihi
846 704 967 780 parva
990 704 1104 769 rura,
1126 691 1165 753 et

304 802 492 905 Spiritum
515 819 549 870 29
575 802 704 878 Graiae
729 820 887 881 tenuem
907 805 1103 880 Camoenae

302 929 429 1006 Parca
452 956 529 1003 nou
551 928 720 1004 mendax
749 928 884 1021 dedit,
912 945 950 1004 et
973 925 1189 1030 malignum

456 1054 643 1156 Spernere
668 1052 820 1156 vulgus.

202 1251 268 1293 aunt
285 1249 398 1309 quatuor
416 1238 476 1310 equi
494 1235 529 1289 ad
547 1254 654 1290 currum
671 1238 766 1292 vincti.
803 1237 955 1307 Camoeuaa,
968 1252 995 1292 et
1005 1236 1080 1292 dedit
1089 1235 1156 1291 mihi
1164 1255 1289 1310 apernere
1298 1256 1366 1291 ma-

203 1339 241 1392 27
252 1322 293 1373 Te
302 1319 493 1376 vestiuntlanae
499 1321 541 1374 bis
550 1321 642 1375 tinette
651 1340 768 1394 purpura
801 1322 906 1396 lignum
921 1321 1030 1395 vulgus,
1044 1320 1074 1377 id
1090 1336 1148 1386 οη,-
1159 1319 1282 1374 invidum
1296 1320 1364 1374 vul-

202 1403 232 1459 ,Τ
231 1404 307 1476 yria,
326 1422 406 1476 quam
425 1404 466 1458 M.
486 1402 591 1457 Tullius
608 1403 766 1477 Dibaphum
802 1426 850 1480 gua
866 1405 945 1459 nihili
959 1407 1055 1460 facere.
1074 1424 1108 1477 29
1120 1405 1200 1458 Parca
1211 1424 1267 1457 non
1279 1423 1366 1457 men-

202 1488 337 1540 nominat.
348 1486 430 1541 Color
439 1506 585 1561 purpureus
595 1505 629 1540 ex
639 1489 767 1559 sanguine
802 1488 874 1556 dax,
894 1488 989 1554 idest,
1007 1490 1090 1544 fatum
1108 1486 1275 1542 immutabile
1293 1488 1366 1540 mihi

203 1569 285 1641 piscia
296 1570 410 1623 Muricis
426 1570 625 1624 conficiebatur.
643 1574 677 1624 28
690 1570 767 1625 Ordo
802 1571 895 1625 tribuit
905 1571 1059 1627 facultatem
1068 1575 1201 1647 poeticam
1212 1591 1246 1626 ex
1259 1570 1367 1624 Groecia

126 1698 128 1701 .
202 1664 246 1704 eat
263 1669 269 1703 :
288 1652 371 1706 Parca
389 1672 446 1706 non
468 1652 587 1707 mendax
606 1653 680 1708 dedit
697 1653 767 1707 mihi
801 1653 1190 1728 poetisdesumptam.Graiae,
1209 1672 1311 1708 nomen
1327 1667 1368 1707 eat

200 1751 285 1811 parva
298 1755 360 1790 rum
377 1751 405 1792 et
419 1752 529 1791 tenuem
545 1738 667 1812 spiritum
676 1736 766 1796 Graiae
801 1738 964 1812 adiectivum
973 1740 1085 1814 genitivi
1094 1734 1331 1812 caauaaingtdaria.

147 1906 153 1921 ‘
226 1929 305 2006 un
341 1931 700 2011 Mncnuuunu
742 1934 1041 2012 AEGuouuu.
1097 1932 1183 2011 ode
1207 1930 1346 2011 xvn.

391 2136 479 2236 Quo
504 2152 658 2215 mortuo
680 2152 822 2236 negat,
843 2161 886 2208 se
909 2135 1014 2209 velle
1032 2139 1173 2210 vivere.

202 2364 204 2367 ·
299 2287 422 2406 Cuu
444 2356 505 2405 me
531 2328 698 2434 querelis
725 2344 738 2381 1
764 2329 964 2410 exanimas
989 2328 1093 2408 tuis?
1184 2409 1186 2412 ,

301 2466 319 2502 ²
338 2454 423 2529 Nec
448 2455 505 2531 dis
529 2454 703 2529 amicum
723 2470 804 2548 eat,
827 2484 898 2532 neo
927 2455 1056 2546 mihi,
1084 2468 1123 2530 te
1151 2451 1258 2557 prius
1361 2500 1370 2510 „

316 2649 317 2652 ,
354 2574 505 2668 Obire,
530 2578 751 2669 Maecenas,
776 2604 954 2653 mearum

402 2704 419 2755 3
442 2703 597 2781 Grande
622 2706 767 2798 decus,
792 2705 1049 2808 columenque
1076 2731 1218 2781 rerum.

299 2828 427 2906 4Ahl
452 2848 490 2905 te
515 2858 614 2906 meae
635 2831 668 2908 ai
696 2846 847 2935 partem
868 2830 1010 2910 animm
1033 2829 1136 2932 rapit

299 2953 492 3031 Maturior
515 2954 602 3047 vis,
627 2956 643 3005 ⁵
670 2955 767 3064 quid
796 2983 923 3031 moror
948 2953 1098 3047 altera,

350 3073 474 3160 6’Νοο
496 3110 608 3161 catus
631 3111 770 3186 aeque,
795 3109 868 3160 nec
892 3097 1082 3184 superstes

399 3212 583 3316 Integer?
605 3228 622 3280 7
642 3211 714 3288 Ille
737 3211 820 3288 dies
838 3228 1045 3315 utramque

297 3334 429 3411 Ducet
452 3338 616 3417 ruinam.
647 3340 739 3415 Nou
758 3366 831 3441 ego
851 3337 1044 3439 perfidum

234 3535 250 3573 ἰ
262 3516 384 3578 Occidit.
396 3536 412 3571 2
423 3517 486 3571 Non
497 3533 662 3593 engratiam,
672 3536 764 3592 neque
798 3520 815 3574 ὅ
827 3520 883 3575 Cur
893 3522 1053 3595 egwinum,
1063 3522 1108 3594 qui
1119 3539 1178 3576 eum
1183 3521 1283 3580 animm
1292 3498 1366 3578 mata

198 3602 289 3677 placet
305 3601 375 3668 diis,
398 3602 437 3655 aie
451 3601 560 3669 Graeci,
576 3602 667 3660 aaut
687 3606 764 3665 eluat,
797 3622 856 3682 pars
867 3603 970 3659 alterat
980 3604 997 3658 6
1006 3604 1064 3658 Nec
1074 3603 1142 3659 mihi
1154 3619 1210 3657 tam
1219 3623 1297 3657 carue
1312 3604 1364 3655 fu-

197 3685 218 3738 3
230 3686 427 3740 Ornamentum
437 3700 465 3738 et
472 3684 582 3739 firmitas
591 3686 725 3740 bonorum
736 3701 764 3744 et
797 3703 888 3756 turus,
902 3703 932 3744 ut
944 3702 1043 3753 antea,
1063 3707 1115 3742 nec
1126 3689 1258 3762 integram
1274 3688 1365 3740 vitam

133 3759 136 3768 ’
199 3767 357 3827 facultatum
366 3787 502 3836 mearum,
515 3770 553 3822 aie
563 3768 624 3823 Ode
634 3791 653 3824 ι.
663 3769 711 3823 lib.
723 3790 743 3823 1.
796 3759 936 3826 habiturus
952 3787 978 3824 te
998 3787 1127 3839 mortuo,
1148 3771 1193 3844 qui
1210 3788 1239 3823 ea
1259 3771 1365 3828 anima·

234 3861 253 3918 4
271 3853 333 3908 Ah!
353 3854 376 3907 ai
394 3852 508 3908 celerior
526 3855 619 3906 mortis
633 3851 762 3907 violentia
796 3875 863 3911 mete
878 3853 1016 3910 medietas.

200 3936 285 4007 tapiat
295 3952 334 4009 te,
348 3938 394 4010 qui
406 3939 503 3993 anima
512 3956 579 3994 mea
589 3956 649 4014 pars
659 3956 686 3993 es
696 3955 760 3993 una.
832 3937 1129 4018 7Eodemdiautatqua
1137 3933 1259 3995 nautum
1265 3948 1367 3994 metet
