2842 4750
228 325 296 399 172
614 331 650 400 o.
705 329 980 391 nonsrrr
1059 318 1063 323 ’

402 452 579 553 Maius,
603 476 639 526 44
660 462 911 543 Echioniaeve
939 465 1099 545 Thebe.

318 576 352 641 45
377 577 522 658 Merses
547 583 761 685 profundo,
788 591 823 655 4⁶
846 591 1045 694 pulchrior
1072 590 1215 673 evenit.

319 716 353 768 4⁷
374 702 567 798 Luctere,
594 710 721 790 multa
743 733 899 816 proruet
922 714 1116 820 integrum

368 827 471 903 Cum
491 828 607 908 laude
633 833 668 899 4³
689 836 904 932 victorem,
933 859 1118 946 geretque

367 1014 370 1027 ,
417 955 559 1030 Praelia
584 973 617 1024 49
639 960 868 1068 conjugibus
892 965 1096 1069 loquenda.

248 1123 251 1127 ·
319 1081 548 1186 Carthagini
573 1085 751 1185 jamnon
778 1092 812 1145 ⁵0
835 1111 906 1196 ego
930 1094 1083 1170 nuntios

318 1203 480 1281 Mittam
498 1211 709 1313 superbos:
734 1217 764 1266 ⁵¹
790 1217 960 1309 occidit,
986 1217 1131 1294 occidit

369 1329 461 1431 Spes
485 1337 610 1411 omnis
626 1364 646 1430 ,·
665 1353 703 1412 et
727 1338 881 1416 fortuna
904 1341 1019 1416 nostri

418 1457 623 1552 Nominis,
649 1463 893 1541 Hasdrubale
916 1464 1159 1566 interempto.

318 1578 352 1627 ⁵2
377 1580 446 1655 Nil
471 1582 647 1660 Claudiae
668 1615 746 1664 non
770 1590 939 1666 efficient
960 1590 993 1641 ⁵3
1015 1617 1182 1680 manus,

250 1760 253 1765 .
315 1705 424 1804 ⁴Quas
445 1717 486 1783 et
504 1709 671 1816 benigno
695 1717 855 1793 numine
877 1718 1034 1821 Jupiter

368 1831 583 1932 Defendit,
611 1858 648 1917 et
672 1845 833 1924 ⁵49curae
850 1852 1011 1952 'sagaces

421 1963 454 2014 ⁵⁵
477 1966 698 2069 Expediunt
722 2001 792 2075 per
815 1992 930 2052 acuta
954 1974 1062 2052 belli.

221 2172 224 2177 ⁴
267 2097 303 2159 ’44
324 2095 426 2153 Theba
458 2102 574 2161 conditas
599 2106 633 2161 ab
657 2108 780 2165 Echione
815 2111 894 2169 liebri
910 2112 1161 2186 affectupermotis:

220 2171 318 2229 Cadmi
332 2199 439 2251 genero.
496 2246 498 2249 ,
850 2196 885 2250 50
897 2199 956 2270 Ego
965 2194 1125 2268 Hannibal(
1138 2195 1227 2249 occiso
1237 2194 1290 2267 jam
1299 2191 1366 2246 Has-

256 2259 291 2324 45
321 2263 449 2331 Quamvis
477 2269 507 2322 in
531 2275 599 2326 mari
628 2276 780 2331 Romanum
816 2278 954 2353 drubale)
975 2279 1085 2353 posthac
1106 2277 1227 2332 desinam
1247 2273 1367 2349 superbos

221 2357 337 2413 merses,
354 2347 369 2399 i
385 2350 467 2406 verbo
482 2355 609 2412 inusitato
620 2359 711 2426 Merso
718 2401 727 2426 ,
737 2357 778 2417 as.
815 2357 936 2417 mearum
948 2363 1120 2417 victoriarum
1138 2361 1247 2415 nuntios
1256 2355 1367 2414 Cartha·

220 2424 255 2490 46
273 2427 376 2482 Fortior
391 2437 510 2509 emergit.
815 2449 905 2520 ginem
914 2448 1029 2499 mittere.
1045 2446 1076 2499 51
1090 2444 1156 2518 Spes
1164 2445 1252 2497 omnis
1260 2440 1366 2496 interiit·

238 2565 240 2568 .
254 2526 291 2577 47
309 2509 336 2562 Si
348 2512 448 2571 luctere
460 2535 488 2574 et
499 2541 615 2595 pugnes,
628 2525 685 2599 ipse
697 2547 779 2599 pros·
850 2529 884 2583 52
903 2530 970 2583 Haec
979 2529 1096 2602 loquitur
1107 2529 1207 2593 Poeta,
1219 2543 1277 2580 non
1290 2526 1366 2578 Han·

219 2602 307 2644 ternct
318 2609 343 2647 et
356 2601 461 2655 evincet
473 2619 500 2658 te
511 2605 617 2661 hostem
627 2611 777 2683 integrum,
814 2611 896 2665 nibal.
922 2613 957 2665 53
975 2614 1052 2666 Vires
1073 2603 1213 2665 Neronum
1233 2608 1369 2683 perficient

155 2721 158 2732 ,
218 2670 249 2724 id
263 2689 317 2741 est,
329 2675 434 2736 hostem
446 2687 627 2757 incolumem,
638 2695 682 2745 cui
696 2712 779 2746 exer·
814 2695 914 2747 omnia.
929 2695 963 2761 54
975 2683 1108 2747 industria
1117 2708 1144 2746 et
1156 2712 1221 2747 cura
1230 2712 1293 2747 cum
1304 2709 1366 2744 con·

209 2753 287 2817 citus
297 2777 353 2812 non
366 2763 399 2815 sit
407 2765 573 2824 imminutus.
589 2774 623 2838 48
635 2775 689 2844 Qui
699 2775 779 2847 paulo
814 2776 872 2829 silio
883 2778 1037 2847 conjuncta.
1051 2776 1085 2828 65
1097 2774 1260 2849 Expeditum
1270 2774 1366 2827 faciunt

218 2851 281 2891 ante
294 2843 405 2900 viceras.
418 2857 453 2923 49
466 2850 638 2907 Praedicanda
650 2855 666 2907 i
678 2859 778 2937 conju·
813 2878 861 2933 per
880 2858 1038 2916 subtilitates
1058 2857 1123 2911 belli
1137 2897 1146 2925 ‚
1162 2879 1220 2934 quar
1237 2858 1254 2912 d
1271 2856 1369 2913 Grecis

187 2937 192 2944 ⁴
218 2920 313 3000 gibus,
328 2926 438 2999 laetitia,
455 2932 563 3006 dolore,
582 2936 627 2991 vel
640 2936 693 2993 alio
712 2959 778 2993 mu·
815 2945 995 3012 massylum
1009 2944 1194 3012 nominantur..

399 3128 493 3206 AD
544 3133 970 3217 AUGUSTUM.
1024 3138 1186 3220 OdeV.

375 3357 377 3361 “
462 3332 517 3406 Ut
536 3337 705 3411 reditum
728 3344 773 3411 in
797 3340 933 3413 urbem
956 3333 1129 3417 maturet.

220 3489 224 3497 ’
314 3452 488 3575 Dlvrs
516 3520 631 3580 orte1
657 3504 794 3597 bonis,
821 3499 1002 3612 optime2
1025 3508 1203 3600 Romulae

207 3610 220 3672 ⁸·
313 3626 448 3702 Custos
472 3627 620 3727 gentis,
644 3627 736 3705 abes
759 3629 839 3726 jam
863 3631 1030 3707 nimium
1053 3634 1121 3708 diu
1141 3665 1153 3710 ι

235 3813 249 3822 a
313 3750 330 3800 3
352 3751 555 3827 Moturum
576 3755 742 3830 reditum
765 3757 958 3860 pollicitus
978 3774 1137 3861 patrum,

252 3897 263 3928 1
283 3875 362 3928 Divis
379 3877 499 3949 propitiis
516 3891 544 3930 et
560 3876 688 3932 beneficis
704 3895 771 3935 orte.
808 3896 874 3936 tore.
893 3881 910 3934 3
932 3882 975 3935 Tu
996 3884 1040 3957 qui
1059 3881 1194 3956 pollicitus
1217 3902 1245 3941 es
1262 3883 1369 3939 senatui

213 3958 389 4031 ailemaro,
408 3958 550 4014 &Romulo
567 3962 657 4017 Itomae
672 3962 774 4041 condi:
808 3963 922 4022 celerem
934 3964 1070 4039 reditum,
1091 3981 1147 4033 etc..
1174 4039 1177 4044 y
