2842 4750
654 328 693 396 o.
747 323 1029 383 tsonsttt

515 444 707 546 Pergama
731 444 872 525 Graiis.

369 579 402 619 ¹²
422 568 612 660 Nescius,
635 595 688 643 an
710 584 749 643 te
763 592 954 672 'generum
977 566 1010 621 1³
1033 565 1141 646 beati

365 694 562 799 Phyllidis
583 697 698 771 flavae
720 696 902 775 decorent
923 714 1114 802 parentes.
1231 781 1236 791 ,

369 835 404 886 14
422 819 594 924 Regium
615 836 718 896 certe
741 849 888 924 genus,
914 839 953 898 et
974 837 1131 927 penates
1190 882 1192 887 «
1239 894 1240 899 ,

516 946 660 1023 Moeret
682 944 848 1048 iniquos.

369 1070 495 1179 Crede
519 1099 597 1146 non
618 1070 730 1148 illam
754 1070 827 1147 tibi
851 1071 884 1123 1⁵
908 1072 957 1149 de
980 1071 1140 1153 scelesta

369 1193 491 1272 Plebe
516 1194 711 1273 delectam
732 1198 792 1274 :¹⁶
810 1224 938 1302 neque
963 1197 1018 1273 sie
1041 1196 1224 1292 fidelem,

367 1319 435 1397 Sic
455 1320 566 1396 luero
589 1347 789 1413 aversam,
813 1321 977 1425 potuisse
998 1321 1106 1398 nasei

518 1449 649 1523 Matre
672 1447 867 1548 pudenda.
924 1436 929 1443 ⁶

370 1570 542 1648 Brachia
568 1588 607 1648 et
631 1572 811 1665 vultum,
838 1589 872 1640 Ῑ7
892 1587 1107 1678 teretesque
1129 1564 1245 1652 Suras

350 1696 408 1747 ,18
431 1699 587 1799 Integer
605 1695 751 1788 laudo,
777 1711 810 1762 Ῑ9
832 1694 924 1799 fuge
944 1697 1157 1800 suspicari,

371 1824 493 1925 Cujus
514 1822 698 1902 octavum
720 1841 756 1878 2⁰
778 1825 991 1931 trepidavit
1010 1843 1103 1906 aetas

521 1949 713 2027 Claudere
735 1951 912 2030 lustrum.

312 2079 486 2134 121ncertum
496 2090 547 2142 est,
556 2093 592 2128 an
601 2074 714 2149 pulchra
723 2075 835 2151 Phyllis,
870 2075 900 2131 id
911 2090 967 2144 est,
980 2075 996 2132 ὲ
1009 2091 1094 2132 matre
1106 2094 1165 2152 que
1177 2091 1284 2152 propter
1294 2077 1352 2132 vite
1361 2080 1410 2130 tur-T

271 2163 395 2238 quamvis
422 2161 553 2234 captiva,
577 2161 611 2213 tit
639 2179 744 2214 summo
774 2161 835 2217 loco
870 2159 1023 2235 pitudinem
1038 2162 1092 2214 suis
1109 2159 1200 2215 liberie
1216 2177 1256 2215 est
1272 2160 1368 2235 pudori.

273 2261 346 2301 nata.
370 2244 401 2299 13
419 2244 546 2298 Parentes
563 2241 668 2297 nobiles
688 2259 717 2297 et
728 2243 835 2300 ellvitet.
910 2240 1412 2318 17Tibiaslongatetrotundes.18Cas·

313 2340 345 2399 ¹4
360 2327 445 2387 Dolet
455 2342 527 2384 certe
541 2346 569 2381 se
581 2343 636 2381 tam
645 2330 725 2403 regiis
733 2322 851 2405 puren-x
870 2343 914 2383 tus
926 2326 1016 2383 leudo.
1034 2347 1066 2402 ¹9
1078 2327 1144 2382 Noli
1155 2328 1282 2402 suspicari
1294 2345 1336 2381 me
1344 2318 1412 2396 Phyl-

272 2415 346 2470 tibus
364 2429 451 2468 ortam
468 2427 579 2486 penates
596 2411 696 2466 habere
711 2412 763 2466 sibi
776 2413 836 2467 ini·
870 2411 934 2466 lidie
948 2430 1040 2467 amore
1060 2431 1116 2467 esee
1133 2427 1265 2486 captum,
1283 2407 1351 2485 quod
1366 2420 1412 2460 eam

273 2500 375 2563 mices,
385 2494 453 2549 adeo
461 2509 502 2562 ut,
509 2498 563 2569 jam
575 2497 734 2568 captivant,
744 2512 772 2550 et
783 2515 837 2570 pree
871 2493 971 2563 laud03
987 2497 1105 2570 quippe,
1123 2493 1344 2570 quadragenarius
1354 2507 1412 2549 sums

272 2593 429 2657 paupertate
455 2598 503 2632 suo
522 2575 656 2647 stemmuti
675 2578 837 2652 respondere
871 2577 902 2633 id
924 2592 983 2645 est,
1008 2575 1160 2653 languidior
1185 2579 1220 2634 ed
1243 2599 1286 2634 ree
1308 2586 1414 2633 veneten

275 2677 401 2736 nequeat.
423 2660 453 2715 15
470 2663 577 2733 impura
591 2676 619 2715 et
635 2660 740 2733 abjecte
758 2662 838 2736 plebe
872 2681 954 2736 quam
969 2659 1124 2717 adolescens
1140 2682 1226 2718 annos
1238 2664 1332 2737 viginti
1344 2672 1413 2714 natus·

275 2766 334 2801 esse
342 2762 443 2800 natam.
460 2744 492 2797 16
503 2743 598 2817 Neque
607 2743 687 2799 crede
696 2743 838 2801 mulierem
873 2765 909 2801 πο
924 2746 1008 2819 Cujus
1023 2761 1087 2801 estas
1102 2750 1253 2821 properavit
1265 2746 1341 2801 finire
1353 2754 1417 2796 octt·

274 2842 332 2884 tam
350 2827 474 2895 fidelem,
488 2842 516 2881 et
530 2826 631 2880 ilucto
649 2827 839 2884 abhorrentem
873 2849 938 2883 vum
950 2828 1083 2896 lustrum,
1097 2828 1128 2883 id
1143 2845 1184 2886 est
1197 2870 1208 2896 ,
1222 2825 1417 2905 quinquennium

275 2915 393 2990 potuisse
411 2912 487 2992 uesci
505 2910 522 2963 ἑ
537 2923 622 2965 matre
638 2911 839 2982 erubescenda,
874 2929 1015 2982 octavum,
1034 2913 1137 2970 scilicet
1153 2933 1304 2972 xattunos.

432 3168 436 3177 ,
500 3086 589 3183 ΙΝΔ
626 3077 996 3163 uanaeuu.
1048 3083 1221 3167 oeev.

317 3272 600 3349 Revoeandam
625 3295 711 3348 etse
738 3274 959 3346 mentemci
988 3269 1203 3371 eupiditate
1228 3273 1395 3374 virginis

747 3401 978 3474 immutante.
1129 3379 1132 3382 i
1160 3403 1163 3408 ’

378 3528 653 3645 1N0snon
675 3561 837 3641 subacta
860 3564 960 3641 ferre
980 3559 1115 3671 juguni
1134 3566 1242 3644 valet
1342 3622 1346 3632 ‚

380 3707 397 3745 ²
416 3692 582 3771 Cerviee
600 3721 610 3768 t
629 3690 645 3741 3
663 3687 838 3768 nondum
854 3691 990 3770 munia
1010 3693 1202 3798 comparis
1271 3685 1277 3696 ¹

274 3805 276 3810 ’
319 3816 445 3893 tLalage
460 3814 584 3872 nondum
599 3829 640 3869 eet
654 3814 690 3868 ad
705 3817 842 3871 concubi·
876 3818 989 3891 jugum,
1009 3837 1061 3873 nec
1079 3833 1186 3873 taurum
1204 3821 1355 3873 irruentem
1371 3811 1417 3866 fem

278 3918 338 3957 tum
353 3915 466 3955 matura.
478 3897 641 3972 Metaphora
649 3912 690 3952 est
698 3909 843 3972 perpetua,
873 3906 965 3973 quee't.
976 3920 993 3955 a
1002 3901 1115 3957 Cervius
1123 3901 1250 3968 subacta,
1262 3900 1294 3953 id
1304 3915 1345 3955 est
1353 3937 1362 3966 ‚
1371 3912 1417 3964 tu}F

278 3985 362 4042 dueta
374 3985 390 4039 i
403 3986 518 4059 juvenca
525 4022 536 4072 '.
554 4000 614 4058 quae
622 3979 746 4038 nondum
762 3981 844 4039 subiit
875 3984 963 4056 potita
978 3980 1022 4044 vel
1038 3982 1152 4058 domitu2
1170 3984 1189 4039 3
1204 3981 1338 4040 Nondum
1353 3975 1417 4035 offici(
