2842 4750
604 307 692 381 -ᾳ
746 306 1023 369 nontiii

457 425 682 507 ⁵Interiore
707 444 798 504 nota
822 428 1007 523 Falerni3

356 552 374 604 ⁶
394 552 479 654 Quo
501 553 615 656 pinus
637 552 802 656 ingens,
826 553 1035 658 albaque-7
1058 553 1221 659 populos

358 679 550 758 Umbram
575 681 806 785 hospitalem
831 683 1049 761 consociare
1071 682 1089 734 ³
1110 694 1243 787 amant
1278 673 1280 677 ¹

406 805 570 898 Remis,
594 822 632 882 et
654 804 815 911 obliquo
837 806 991 884 laborat

455 933 639 1038 Lympha
661 933 783 1036 fugax
803 951 820 1002 9
843 935 1037 1041 trepidare
1061 933 1159 1012 rivo.

358 1076 391 1111 1⁰
408 1060 499 1134 Huc
516 1058 635 1151 vina,
654 1075 693 1135 et
709 1075 934 1163 unguenta,
957 1079 996 1137 et
1016 1060 1185 1137 nimium
1200 1071 1231 1111 11
1248 1052 1372 1130 breves

355 1187 387 1264 F
389 1185 496 1271 loros
510 1212 675 1262 amoenae
695 1185 798 1262 ferre
819 1185 912 1285 jube
935 1214 1056 1279 rosae,

406 1325 439 1361 11
464 1310 572 1385 Dum
595 1338 681 1402 res,
707 1327 746 1386 et
767 1327 885 1403 aetas,
911 1327 950 1388 et
969 1337 1139 1388 sororum

455 1433 542 1510 Fila
566 1434 687 1511 trium
711 1436 914 1538 patiuntur
939 1452 1034 1516 atra.

358 1560 392 1612 13
417 1559 541 1636 Codes
565 1560 751 1663 coemptis
771 1561 958 1657 saltibus,
983 1579 1022 1640 et
1043 1562 1180 1656 domo,

359 1684 574 1788 Villaque,
600 1699 633 1752 14
655 1686 780 1764 flavus
806 1716 926 1791 quam
949 1686 1105 1765 Tiberis
1125 1685 1252 1765 lavit:

368 1900 370 1903 ¹
411 1811 559 1904 cedes,
583 1811 616 1861 1⁵
639 1827 677 1887 et
700 1813 885 1891 extructis
906 1813 949 1890 in
972 1813 1098 1892 altum

459 1936 622 2015 Divitiis
645 1938 815 2041 potietur
840 1939 973 2018 haeres.

359 2061 558 2155 Divesne,
581 2049 706 2164 prisco
731 2079 844 2140 natus
869 2063 920 2138 ab
944 2054 978 2115 15
998 2054 1172 2155 Inach0,

262 2226 265 2239 ‚
359 2189 432 2267 Nil
452 2188 636 2284 interest,
661 2220 714 2267 an
732 2208 904 2296 pauper,
934 2208 973 2270 et
996 2192 1134 2268 infima
1166 2228 1170 2235 ⁷

410 2316 473 2393 De
499 2335 614 2420 gente
638 2333 672 2386 17
694 2317 766 2394 sub
790 2318 854 2395 dio
879 2319 1039 2397 moreris
1054 2379 1083 2413 ‚.

462 2440 496 2491 ¹⁸
519 2442 694 2522 Victima
719 2440 777 2517 nil
798 2417 1015 2520 miseraiitis
1037 2459 1068 2511 19
1093 2442 1203 2540 Oroi,

361 2581 396 2618 ²0
418 2567 564 2642 Omnes
589 2567 728 2642 eodem
754 2566 931 2671 cogimur
955 2598 963 2644 :
986 2581 1018 2618 ²¹
1043 2568 1222 2644 omnium

258 2709 372 2787 quentia
383 2709 527 2762 hominum
537 2724 649 2762 remoto.
662 2708 679 2762 5
690 2710 763 2763 Vino
772 2728 827 2783 op·
861 2707 926 2764 nilis
942 2710 1097 2784 patiuntur,
1115 2724 1143 2763 et
1158 2709 1225 2764 dum
1238 2707 1322 2764 Parca
1337 2700 1399 2758 etim

262 2799 332 2850 timo
348 2809 375 2848 et
391 2792 589 2860 vetustissimo,
604 2792 682 2865 quale
698 2803 755 2847 erat
773 2795 828 2846 Fa·
861 2795 1016 2866 patiuntur,
1036 2812 1148 2867 quarum
1160 2793 1207 2850 fila
1216 2792 1399 2848 dicuntoratra2

259 2877 370 2934 lemum
382 2876 555 2942 in<interi0re
568 2890 643 2949 parte
656 2875 731 2930 cellae
743 2877 827 2929 vina·
861 2874 935 2948 quod
951 2876 1076 2930 omnibus
1089 2892 1206 2932 mortem
1223 2869 1358 2930 minentur.

215 3027 217 3034 s
259 2965 309 3018 aiae
320 2958 499 3016 reconditum.
510 2957 661 3013 Consulum
672 2959 828 3013 nominibus
902 2958 934 3012 13
953 2958 1084 3014 Discedee
1106 2960 1140 3014 ab
1160 2961 1284 3032 omnibus
1303 2951 1412 3024 divitiis„

188 3047 190 3054 ’
262 3045 403 3100 vinicadie
415 3044 559 3116 inscriptis,
571 3041 720 3117 adtempoe
732 3046 828 3099 etvini
864 3056 892 3096 et
905 3040 994 3096 ivilla
1009 3046 1091 3097 etiam
1101 3064 1182 3117 quam
1196 3043 1301 3098 Tiberia
1313 3049 1402 3114 preter·

260 3130 445 3201 praestantiam
461 3124 676 3199 significandum.
863 3125 931 3180 fluit.
957 3137 988 3195 ¹4
1007 3129 1077 3183 Vide
1095 3128 1156 3183 Ode
1176 3151 1207 3183 ιι.
1225 3127 1273 3182 lib.
1293 3146 1314 3179 1.
1335 3118 1361 3174 15
1375 3115 1401 3168 Et

300 3211 364 3265 6111
377 3231 429 3285 quo
442 3212 572 3283 gramine.
586 3209 731 3285 7Populus
739 3211 828 3278 arbor,
865 3208 966 3263 divitiis
992 3214 1155 3267 coacervatis
1178 3214 1295 3287 potietur
1316 3205 1403 3259 hores,

262 3296 343 3366 eujus
353 3293 462 3347 frondes
477 3296 589 3350 internae
599 3309 662 3348 eunt
673 3294 749 3351 albae.
762 3298 829 3351 8Α-
864 3290 974 3346 fortasse
988 3295 1115 3366 ingratus.

263 3392 372 3432 manter
384 3378 541 3431 consociant
549 3395 610 3431 suos
619 3396 707 3431 ramos
719 3378 753 3431 ad
764 3398 830 3431 um·
906 3376 937 3429 16
956 3376 1115 3449 etirgivorum
1137 3398 1210 3452 rege.
1236 3395 1268 3449 ¹7
1287 3376 1327 3429 An
1348 3368 1405 3422 vim

263 3461 344 3515 brem
353 3458 589 3533 faciendamque
601 3458 675 3513 velut
684 3460 831 3534 hospitium
866 3458 924 3512 sine
940 3457 1022 3513 domo
1038 3476 1067 3515 et
1080 3462 1128 3516 sub
1144 3463 1212 3517 coelo
1227 3458 1301 3515 nudo
1311 3451 1407 3509 habites·

266 3541 486 3616 eitapulantibue.
496 3538 636 3617 9Trepide
643 3540 725 3596 fluere
734 3557 832 3599 etcum
870 3542 901 3595 18
915 3542 1041 3597 Existens
1055 3548 1165 3600 victima
1177 3545 1287 3599 Plutoni
1299 3551 1411 3595 maome

265 3644 414 3680 murmure.
478 3692 480 3696 ‚
867 3624 919 3693 da,
934 3623 1028 3692 idest,
1042 3630 1286 3700 quiesmoriturua.
1304 3614 1408 3698 1901052

310 3728 342 3763 ιο
358 3708 401 3763 Aa
416 3707 490 3763 hunc
507 3709 608 3763 locum.
631 3730 660 3762 ιι
679 3711 756 3766 Rosa
777 3712 832 3765 cito
866 3727 947 3784 quem
963 3709 1063 3764 nullius
1077 3716 1194 3769 miseret.
1409 3715 1411 3752 ⁴

263 3792 475 3848 ssessoreseentis.
489 3796 580 3866 Quam
590 3796 677 3864 longa
687 3813 746 3845 una
757 3794 830 3858 dies,
903 3809 938 3845 20
948 3792 1052 3847 Omnes
1062 3794 1097 3848 ad
1106 3812 1221 3849 mortem
1233 3786 1411 3865 compellimurt

269 3894 340 3931 oetae
360 3892 418 3933 tam
434 3878 522 3949 longa
544 3895 670 3956 rosarum
687 3892 737 3929 est.
756 3880 830 3951 Virg.
868 3894 899 3930 21
916 3875 992 3929 Ordo
1003 3892 1057 3930 eat:
1070 3896 1125 3931 toro
1135 3879 1258 3932 omnium
1268 3876 1365 3929 exitura
1374 3880 1411 3928 20‘1

272 3979 306 4014 aa
321 3964 396 4017 Dum
414 3980 457 4017 ree
473 3959 609 4016 familiaria
628 3974 655 4017 et
672 3975 735 4018 atas
751 3962 833 4034 juve3
861 3960 922 4015 »aios
946 3958 990 4017 vel
1013 3977 1118 4036 ocyus,
1146 3976 1174 4019 et
1201 3978 1253 4017 noe
1276 3951 1411 4029 imposituri
