2842 4750
625 335 994 408 Q.nonsnu

399 537 882 646 INSEQTATIO.
935 535 1021 625 Ode
1055 534 1220 615 XIII.

235 743 288 814 In
305 739 503 829 arborem,
526 746 637 840 cujus
653 766 747 815 casu
766 745 811 812 in
830 765 927 837 agro
945 736 1096 814 Sabino
1106 765 1212 841 pene
1234 762 1392 838 oppres·

734 886 799 935 sus
823 880 891 937 est.

335 1046 348 1081 1
371 992 498 1106 ILLE
529 1044 568 1104 et
592 1027 742 1105 nefasto
765 1044 803 1104 te
826 1012 952 1132 posuit
975 1028 1067 1123 die,

330 1152 577 1258 Quicumque
604 1151 801 1256 primum,
827 1169 865 1228 et
886 1152 1075 1257 sacrilega
1098 1178 1219 1229 mann

381 1296 398 1332 ²
422 1279 637 1372 Produxst,
661 1279 799 1371 arbos,
825 1279 868 1356 in
889 1296 1074 1384 nepotum
1126 1272 1132 1279 ’

434 1409 682 1499 Perniciem‚
708 1407 1034 1513 opprobriumque
1062 1403 1164 1515 pagi.

333 1533 450 1610 Illum
477 1550 515 1609 et
539 1532 707 1635 parentis
730 1533 746 1584 ³
771 1531 1002 1609 crediderim
1027 1533 1088 1609 sui

334 1657 507 1760 Fregisse
531 1656 754 1748 cerionem,
781 1670 820 1731 et
843 1672 860 1723 4
881 1657 1097 1758 penetralia

383 1783 569 1889 Sparsisse
596 1800 784 1860 nocturno
809 1810 943 1860 cruore

433 1905 614 2011 Hospitis.
641 1906 714 1983 Ille
740 1934 892 1984 venena
916 1907 932 1957 ⁵
958 1905 1131 1998 Colcha,

339 2035 389 2112 Et
407 2035 599 2139 quidquid
620 2060 787 2140 usquam
810 2035 1028 2139 concipitur
1046 2036 1182 2130 nefas,

334 2165 564 2258 Tractavit‚
589 2193 683 2269 agro
705 2164 774 2269 qui
798 2164 932 2241 statuit
954 2193 1043 2243 meo

368 2288 470 2387 Te,
495 2293 600 2369 triste
623 2293 802 2397 lignum,
832 2309 897 2385 te,
919 2295 936 2345 ⁶
958 2291 1157 2370 caducum

431 2419 478 2492 In
504 2417 652 2494 domini
679 2434 797 2521 caput
820 2417 1072 2494 immerentis.

329 2539 438 2642 Quid
458 2541 621 2645 quisque
644 2541 770 2636 vitet,
792 2569 995 2647 nunquam
1018 2539 1168 2618 homini
1188 2542 1287 2621 satis

240 2695 243 2701 ’
332 2670 503 2745 Cautum
528 2687 583 2746 est
598 2687 616 2739 7
633 2671 676 2746 in
700 2671 824 2749 horas.
851 2669 1031 2748 Navita8
1053 2670 1271 2773 Bosporum

384 2798 527 2874 Poenus
551 2797 836 2901 perhorrescit,
857 2815 874 2866 9
898 2824 1026 2901 neque
1051 2795 1156 2873 ultra

432 2923 549 2998 Coeca
564 2923 685 3002 stimet
707 2924 867 3001 aliunde
890 2924 983 3012 fata.

331 3059 366 3100 ¹0
387 3048 506 3125 Miles
527 3051 713 3153 sagittas,
742 3068 780 3127 et
803 3050 972 3128 celerem
994 3050 1130 3154 fugam

269 3238 282 3269 s
297 3216 424 3286 Ombos,
438 3216 526 3293 illexte
536 3218 668 3292 plantavit
678 3220 795 3275 infausto
866 3220 952 3295 7Per
971 3217 1087 3292 singulas
1110 3215 1199 3270 horas.
1227 3215 1399 3290 8Bosporus

226 3291 286 3352 die.
308 3318 325 3352 2
340 3300 486 3373 Progenuit
501 3303 530 3353 in
547 3318 713 3376 posterorum
728 3325 795 3377 per·
829 3305 938 3378 ponitur
956 3323 1005 3377 pro
1018 3300 1138 3375 quolibet
1150 3301 1237 3362 mari,
1256 3315 1287 3355 et
1305 3299 1400 3353 Poenus

229 3382 353 3447 aicium,
369 3397 396 3435 et
409 3383 490 3435 totius
505 3384 559 3436 vici
576 3386 764 3456 ignominiam.
830 3407 877 3461 pro
896 3386 989 3459 quovis
1002 3399 1094 3437 nauta.
1115 3383 1250 3456 Bosporus
1268 3399 1312 3437 est
1322 3380 1399 3435 Ponti

269 3463 286 3515 ὅ
305 3462 421 3517 Credem
436 3466 545 3537 possim.
564 3475 581 3532 4
598 3466 704 3521 Partem
720 3471 795 3522 inte-
830 3469 943 3534 fretum,
955 3481 1063 3541 propter
1076 3466 1213 3538 angustias
1224 3463 1310 3520 valde
1326 3464 1400 3539 peri-

229 3547 330 3597 tiorem
346 3545 477 3599 domus.5
493 3548 796 3623 Venenapraesentissi-
831 3552 962 3605 colosum.
977 3551 1102 3623 9Neque
1113 3546 1221 3603 aliunde
1231 3550 1336 3602 metuit
1345 3549 1399 3600 im-

232 3645 286 3681 ma.
304 3628 416 3683 Colchis
433 3646 473 3683 est
488 3631 603 3704 Scythiae
618 3636 691 3706 regio
707 3653 794 3689 vene·
831 3637 935 3707 provisa
944 3635 1018 3700 fata,
1032 3631 1062 3685 id
1071 3648 1125 3699 est,
1140 3650 1226 3705 neque
1237 3632 1292 3685 sibi
1305 3630 1400 3685 metuit

229 3729 329 3764 norum
340 3712 712 3780 etmulierumweneficamm
725 3717 797 3771 fers·
831 3717 865 3770 ab
881 3717 935 3771 alio
952 3718 1037 3772 exitio
1054 3734 1134 3789 quam
1153 3714 1169 3767 d
1185 3715 1321 3786 Bosporo.

230 3795 348 3849 sissima.
362 3797 428 3848 6Te
439 3795 542 3870 lignum
551 3801 709 3867 ruinosum,
723 3799 797 3875 quod
871 3819 902 3853 ιο
911 3800 993 3855 Miles
1008 3801 1143 3852 Romanus
1155 3799 1233 3849 timet
1249 3798 1364 3868 sagittas
1375 3804 1400 3845 et

230 3876 260 3927 in
277 3893 461 3951 caputmnim
473 3879 514 3935 nil
528 3881 593 3937 mali
608 3886 795 3939 meritumin·
831 3882 947 3937 celerem
972 3882 1062 3955 fugam
1086 3879 1195 3946 Parthi,
1220 3879 1270 3950 qui
1295 3878 1399 3952 lugiens

226 3956 331 4030 eitius.
725 3991 728 3995 Δ
828 3983 941 4045 Ριιςιιειιζ
956 3966 1027 4024 vide
1046 3963 1117 4021 Ode.
1135 3982 1193 4019 xix.
1211 3958 1263 4016 lib·
1285 3982 1312 4014 ι·
