2842 4750
204 298 281 374 290
533 341 537 351 ,
599 294 638 362 Q.
691 287 974 347 nouerit

204 408 395 486 Garrulus
409 407 515 483 hunc
529 406 563 475 59
578 405 736 511 quando
754 423 952 483 consumet
965 434 1135 516 cumque
1153 441 1162 485 :
1177 407 1393 515 loquaces,

205 535 248 611 Si
263 532 411 637 sapiat,
428 532 526 609 vitet
539 589 551 625 ,
566 529 814 640 simulatque
830 530 1046 608 adoleverit
1060 549 1164 610 aetas.

205 668 263 745 N.
278 667 455 744 Ventum
473 679 557 739 erat
571 679 604 729 40
619 660 671 736 ad
685 664 817 741 Vestae
830 719 842 754 ‚
856 677 994 764 quarta
1009 658 1088 759 jam
1102 675 1212 764 parte
1228 662 1314 739 diei

205 789 434 882 Praeterita3
449 805 488 864 et
504 814 595 863 casn
609 845 621 879 ‚
636 802 730 863 tuno
747 786 976 891 respondere
992 801 1024 851 4Ι
1041 786 1188 862 vadato

206 915 418 1010 Debebat;
439 914 601 1020 quodni
620 915 799 1009 fecisset,
819 931 853 982 4²
867 915 1028 1019 perdere
1045 914 1169 992 litem.

205 1043 249 1118 Si
259 1070 322 1118 me
336 1070 465 1134 ames,
479 1042 513 1108 43
524 1041 674 1147 inquit,
690 1042 853 1144 paulum
867 1040 933 1117 hio
949 1041 1050 1117 ades.
1061 1043 1110 1119 H.
1121 1041 1341 1136 Inteream,
1354 1043 1392 1120 si

206 1170 293 1243 Aut
311 1169 423 1243 valeo
439 1183 474 1234 44
490 1184 617 1261 stare,
636 1185 705 1244 aut
716 1167 815 1271 novi
835 1165 971 1242 civilia
989 1165 1075 1274 jura
1093 1198 1102 1243 :
1231 1191 1392 1274 (inquire

206 1293 259 1369 Et
277 1321 436 1396 propero
457 1295 491 1360 45
510 1323 587 1398 quo
603 1294 689 1371 scis.
713 1295 762 1372 G.
783 1290 940 1369 Dubius
960 1321 1070 1385 sum,
1093 1293 1189 1395 quid
1211 1294 1394 1390 faciam,

207 1419 321 1494 Tene
338 1416 581 1521 relinquam,
605 1419 640 1483 45
660 1445 710 1491 an
732 1445 829 1494 rem.
849 1418 901 1494 H.
915 1432 950 1484 47
966 1417 1037 1514 Me
1049 1453 1066 1508 ,>
1078 1417 1198 1495 sodes.
1228 1421 1275 1498 G.
1290 1423 1392 1502 Non

410 1515 581 1610 faciam,
608 1520 662 1593 N.
685 1517 782 1595 ille:

208 1630 260 1707 Et
276 1631 495 1732 praecedere
513 1630 644 1734 eoepit.
659 1631 764 1733 Ego,
783 1647 827 1707 ut
845 1628 1079 1707 contendere
1097 1628 1239 1706 durum

207 1755 245 1821 45
258 1756 362 1834 Cum
379 1756 548 1850 victore,
565 1783 716 1860 sequor.
741 1758 787 1835 G.
801 1759 999 1832 Maecenas
1017 1756 1211 1860 quomodo
1226 1769 1394 1838 tecum?

207 1902 244 1955 49
259 1885 364 1963 Hinc
381 1885 533 1988 repetit.
544 1887 595 1963 H.
605 1887 639 1938 ⁵0
652 1888 875 1963 Paucorum
892 1884 1122 1979 hominum,
1136 1885 1167 1935 ⁵¹
1188 1901 1226 1960 et
1240 1887 1395 1965 mentis

410 1986 511 2062 bene
540 2014 645 2062 sanae
664 2018 691 2066 t.
1365 1992 1372 2000 ’

209 2089 340 2167 Nemo
352 2088 385 2139 ⁵²
400 2087 597 2164 dexterius
613 2088 768 2164 fortuna
787 2102 842 2168 est
858 2109 961 2165 usus.
984 2091 1031 2169 G.
1050 2088 1084 2140 ⁵3
1102 2086 1278 2166 Haberes

211 2218 407 2319 Magnum
425 2215 665 2315 adjutorem,
689 2235 815 2319 posset
834 2214 902 2321 qui
922 2215 1023 2291 ferre
1041 2216 1075 2280 54
1092 2213 1307 2305 secundas,

211 2341 245 2393 55
264 2343 381 2419 Hunc
400 2341 597 2420 hominem
613 2342 736 2421 velles
750 2342 782 2420 si
805 2341 839 2393 55
859 2343 1011 2420 tradere
1032 2374 1041 2421 t
1061 2342 1305 2448 dispeream,
1328 2344 1378 2423 ui

116 2465 119 2474 ¹
212 2472 249 2539 ⁵7
265 2473 501 2548 Summosses
516 2478 661 2549 omnes.
682 2473 732 2550 H.
751 2467 841 2548 Nori
858 2470 930 2548 isto
946 2452 1118 2548 vivimus
1135 2471 1170 2523 55
1185 2470 1291 2564 illie,

213 2599 302 2699 Quo
320 2613 362 2673 tu
380 2626 491 2691 rere,
515 2598 631 2673 modo
649 2629 658 2674 :
678 2596 823 2676 domus*
834 2597 910 2674 hac
926 2625 998 2673 nec
1015 2598 1148 2700 purior
1164 2596 1245 2673 ulla
1263 2615 1348 2693 est,

140 2709 155 2768 ¹·
214 2727 300 2803 Neo
317 2724 442 2825 magis
460 2723 521 2800 his
536 2724 667 2800 aliena
684 2725 718 2791 59
734 2723 859 2803 malis.
877 2723 946 2800 Nil
962 2728 1016 2799 ml
1032 2722 1153 2799 officit
1168 2751 1346 2827 unquam
1358 2783 1377 2818 ,

250 2871 287 2946 59
296 2868 531 2943 Quandocumque
547 2870 665 2944 positum
679 2885 720 2924 est
732 2890 781 2945 pro
816 2889 927 2925 monem
937 2864 1120 2923 intermissum
1132 2870 1170 2924 sic
1180 2871 1277 2944 repetit
1291 2888 1299 2923 ε
1312 2860 1391 2944 quoss

214 2954 377 3031 quandoque
388 2993 397 3022 ,
407 2952 452 3007 vel
464 2951 619 3027 aliquando.
631 2953 781 3027 Composi-
817 2951 899 3007 modo
914 2954 1051 3007 Maecenae
1066 2967 1157 3007 tecum
1172 2955 1247 3027 ogit?
1261 2953 1295 3006 50
1308 2956 1390 3010 Μω-

214 3056 275 3093 tum
292 3055 384 3093 autem
403 3052 443 3092 est
463 3057 498 3092 ex
519 3035 627 3111 quando
650 3052 781 3105 etcum,
818 3057 899 3092 cenae
921 3037 1063 3092 esthemo
1090 3039 1183 3110 paucio
1207 3036 1388 3094 familiaribue

210 3126 291 3197 quari
311 3123 432 3177 diceret:
443 3123 495 3177 erit
510 3136 615 3195 tempuo
626 3120 735 3195 qnando
754 3136 782 3177 et
818 3137 970 3177 contentus.
989 3122 1021 3176 51
1044 3123 1080 3175 Et
1094 3124 1199 3195 tapie'ne
1215 3136 1264 3176 est.

215 3225 281 3261 eum
292 3245 299 3273 ,
312 3221 364 3260 eto.
854 3206 889 3260 52
908 3207 1054 3260 Dexterius
1070 3225 1151 3279 quam
1165 3220 1204 3259 tu.

175 3321 177 3324 >
254 3287 602 3364 4oAdVerttateroplum.
621 3289 783 3363 41Ei,qui
855 3287 1387 3363 53Habereeme.548ecundaspmes,

217 3370 298 3426 illum
318 3373 349 3424 in
367 3374 408 3444 jus
428 3387 580 3428 vocaverat.
597 3382 633 3441 42
654 3373 784 3427 Dehebat
818 3370 920 3437 idest,
940 3375 986 3447 qui
1000 3373 1051 3427 tibi
1068 3372 1203 3427 secundus
1217 3393 1274 3427 esse
1285 3390 1387 3446 posset.

215 3455 329 3532 perdere
345 3454 431 3510 litem.
599 3485 601 3488 ·
648 3470 654 3483 “
819 3456 854 3510 65
873 3455 996 3531 Seipeum
1015 3474 1062 3510 ouo
1080 3457 1166 3529 tangit
1185 3454 1269 3529 digito
1285 3471 1314 3509 et
1333 3455 1390 3512 de-

253 3539 290 3605 43
308 3537 420 3591 Utinam
437 3541 580 3595 inteream.
607 3549 644 3608 44
661 3538 737 3592 Stare
753 3540 784 3592 in
819 3555 959 3597 monstrat.
979 3540 1014 3593 56
1026 3540 1172 3594 Maecenati
1184 3538 1391 3594 commendare.

216 3623 338 3696 iudicio,
355 3640 403 3675 eeu
418 3624 448 3675 in
468 3626 535 3694 jure.
557 3625 591 3693 45
609 3623 654 3679 Ad
673 3624 785 3678 cesaris
820 3622 854 3694 57
866 3623 925 3676 Nioi
938 3641 1106 3677 summovere
1118 3641 1208 3695 posaeo
1218 3641 1331 3689 omnes,
1343 3625 1393 3696 qui

114 3751 117 3757 .
217 3707 320 3760 hortos.
335 3706 370 3774 46
382 3707 425 3759 An
435 3725 560 3773 causam,
575 3707 619 3762 vel
627 3708 715 3762 litem.
819 3719 848 3759 te
866 3705 1031 3761 antecedunt
1048 3707 1133 3779 gratia
1153 3704 1226 3779 apud
1243 3705 1393 3759 Maecena-

255 3799 290 3861 47
303 3790 352 3843 Me
365 3788 507 3861 relinque,
520 3791 609 3864 inquit
620 3791 760 3844 Horatiae.
818 3805 886 3847 tem.

209 3874 256 3941 ’48
269 3873 339 3927 Cum
351 3872 492 3946 pertinaci.
856 3874 891 3928 58
904 3875 936 3928 in
949 3873 1053 3927 familia
1068 3873 1236 3928 Macenutie.
1256 3870 1291 3943 59
1307 3871 1394 3926 Invi-

256 3964 292 4028 49
310 3955 351 4013 Ab
368 3955 422 4012 hoc
436 3957 570 4031 principio
587 3954 708 4043 garrulus
725 3958 787 4029 rer:
821 3955 1395 4033 dia‚aetnulatione,criminationibus,etc.
