<?xml version="1.0" encoding="UTF-8"?>
<!DOCTYPE html PUBLIC "-//W3C//DTD XHTML 1.0 Transitional//EN"
    "http://www.w3.org/TR/xhtml1/DTD/xhtml1-transitional.dtd">
<html xmlns="http://www.w3.org/1999/xhtml" xml:lang="en" lang="en">
 <head>
  <title>
</title>
<meta http-equiv="Content-Type" content="text/html;charset=utf-8" />
  <meta name='ocr-system' content='tesseract 3.04.00' />
  <meta name='ocr-capabilities' content='ocr_page ocr_carea ocr_par ocr_line ocrx_word'/>
</head>
<body>
  <div class='ocr_page' id='page_1' title='image "./quintushoratius01horagoog_0195.png"; bbox 0 0 2842 4750; ppageno 0'>
   <div class='ocr_carea' id='block_1_1' title="bbox 301 268 1040 332">
    <p class='ocr_par' dir='ltr' id='par_1_1' title="bbox 301 268 1040 332">
     <span class='ocr_line' id='line_1_1' title="bbox 301 268 1040 332; baseline -0.02 0"><span class='ocrx_word' id='word_1_1' title='bbox 301 273 639 332; x_wconf 81' lang='lat' dir='ltr'>CARMINUM</span> <span class='ocrx_word' id='word_1_2' title='bbox 690 269 804 324; x_wconf 84' lang='lat' dir='ltr'>LIB.</span> <span class='ocrx_word' id='word_1_3' title='bbox 857 268 992 323; x_wconf 87' lang='lat'>111..</span> <span class='ocrx_word' id='word_1_4' title='bbox 1035 280 1040 290; x_wconf 92' lang='lat'><em>·</em></span> 
     </span>
    </p>
   </div>
   <div class='ocr_carea' id='block_1_2' title="bbox 82 398 1001 2250">
    <p class='ocr_par' dir='ltr' id='par_1_2' title="bbox 82 398 1001 2250">
     <span class='ocr_line' id='line_1_2' title="bbox 122 398 882 508; baseline -0.013 -26"><span class='ocrx_word' id='word_1_5' title='bbox 122 409 206 482; x_wconf 90' lang='lat' dir='ltr'>Nec</span> <span class='ocrx_word' id='word_1_6' title='bbox 229 404 475 508; x_wconf 84' lang='lat' dir='ltr'>pestilentem</span> <span class='ocrx_word' id='word_1_7' title='bbox 496 402 637 480; x_wconf 89' lang='lat' dir='ltr'>sentiet</span> <span class='ocrx_word' id='word_1_8' title='bbox 658 401 674 451; x_wconf 85' lang='lat'>⁵</span> <span class='ocrx_word' id='word_1_9' title='bbox 694 398 882 476; x_wconf 84' lang='lat' dir='ltr'>Africum</span> 
     </span>
     <span class='ocr_line' id='line_1_3' title="bbox 123 515 889 628; baseline -0.009 -23"><span class='ocrx_word' id='word_1_10' title='bbox 123 530 319 606; x_wconf 82' lang='lat' dir='ltr'>Paecu&#39;nda</span> <span class='ocrx_word' id='word_1_11' title='bbox 344 530 461 622; x_wconf 90' lang='lat' dir='ltr'>vitis,</span> <span class='ocrx_word' id='word_1_12' title='bbox 485 556 559 607; x_wconf 90' lang='lat' dir='ltr'>nec</span> <span class='ocrx_word' id='word_1_13' title='bbox 585 515 755 604; x_wconf 84' lang='lat' dir='ltr'>sterilem</span> <span class='ocrx_word' id='word_1_14' title='bbox 781 551 889 628; x_wconf 83' lang='lat' dir='ltr'>seges</span> 
     </span>
     <span class='ocr_line' id='line_1_4' title="bbox 173 650 931 759; baseline -0.009 -25"><span class='ocrx_word' id='word_1_15' title='bbox 173 658 190 708; x_wconf 87' lang='lat'><strong>⁶</strong></span> <span class='ocrx_word' id='word_1_16' title='bbox 209 657 479 759; x_wconf 87' lang='lat' dir='ltr'>Rubiginem,</span> <span class='ocrx_word' id='word_1_17' title='bbox 499 671 568 732; x_wconf 90' lang='lat' dir='ltr'>aut</span> <span class='ocrx_word' id='word_1_18' title='bbox 591 653 724 729; x_wconf 87' lang='lat' dir='ltr'>dulces</span> <span class='ocrx_word' id='word_1_19' title='bbox 744 669 761 721; x_wconf 89' lang='lat'><strong>7</strong></span> <span class='ocrx_word' id='word_1_20' title='bbox 780 650 931 737; x_wconf 84' lang='lat' dir='ltr'>alumni</span> 
     </span>
     <span class='ocr_line' id='line_1_5' title="bbox 223 781 918 884; baseline -0.001 -28"><span class='ocrx_word' id='word_1_21' title='bbox 223 782 422 858; x_wconf 89' lang='lat' dir='ltr'>Pomifero</span> <span class='ocrx_word' id='word_1_22' title='bbox 444 781 460 832; x_wconf 77' lang='grc'><strong>8</strong></span> <span class='ocrx_word' id='word_1_23' title='bbox 485 808 602 884; x_wconf 86' lang='lat' dir='ltr'>grave</span> <span class='ocrx_word' id='word_1_24' title='bbox 628 796 781 882; x_wconf 90' lang='lat' dir='ltr'>tempus</span> <span class='ocrx_word' id='word_1_25' title='bbox 804 797 918 857; x_wconf 84' lang='lat' dir='ltr'>anno.</span> 
     </span>
     <span class='ocr_line' id='line_1_6' title="bbox 125 904 944 1010; baseline -0.002 -27"><span class='ocrx_word' id='word_1_26' title='bbox 125 909 269 983; x_wconf 66' lang='lat' dir='ltr'>artam</span> <span class='ocrx_word' id='word_1_27' title='bbox 293 936 380 1010; x_wconf 87' lang='lat' dir='ltr'>quae</span> <span class='ocrx_word' id='word_1_28' title='bbox 403 907 528 984; x_wconf 90' lang='lat' dir='ltr'>nivali</span> <span class='ocrx_word' id='word_1_29' title='bbox 553 906 722 1010; x_wconf 82' lang='lat' dir='ltr'>pascitur</span> <span class='ocrx_word' id='word_1_30' title='bbox 743 921 776 957; x_wconf 88' lang='lat'>10</span> <span class='ocrx_word' id='word_1_31' title='bbox 797 904 944 1009; x_wconf 82' lang='lat' dir='ltr'>Algido</span> 
     </span>
     <span class='ocr_line' id='line_1_7' title="bbox 124 1033 926 1140; baseline 0.007 -32"><span class='ocrx_word' id='word_1_32' title='bbox 124 1048 154 1084; x_wconf 90' lang='grc'>11</span> <span class='ocrx_word' id='word_1_33' title='bbox 180 1035 361 1128; x_wconf 89' lang='lat' dir='ltr'>Devota,</span> <span class='ocrx_word' id='word_1_34' title='bbox 388 1064 553 1140; x_wconf 87' lang='lat' dir='ltr'>quercus</span> <span class='ocrx_word' id='word_1_35' title='bbox 576 1037 703 1128; x_wconf 89' lang='lat' dir='ltr'>inter,</span> <span class='ocrx_word' id='word_1_36' title='bbox 728 1053 768 1112; x_wconf 92' lang='lat' dir='ltr'>et</span> <span class='ocrx_word' id='word_1_37' title='bbox 789 1033 926 1126; x_wconf 60' lang='lat' dir='ltr'>ilicem</span> 
     </span>
     <span class='ocr_line' id='line_1_8' title="bbox 174 1158 895 1243; baseline 0.003 -10"><span class='ocrx_word' id='word_1_38' title='bbox 174 1158 260 1234; x_wconf 91' lang='lat' dir='ltr'>Aut</span> <span class='ocrx_word' id='word_1_39' title='bbox 285 1159 421 1243; x_wconf 84' lang='lat' dir='ltr'>crescit</span> <span class='ocrx_word' id='word_1_40' title='bbox 445 1175 477 1212; x_wconf 79' lang='grc'>11</span> <span class='ocrx_word' id='word_1_41' title='bbox 500 1160 669 1236; x_wconf 89' lang='lat' dir='ltr'>Albanis</span> <span class='ocrx_word' id='word_1_42' title='bbox 692 1161 734 1236; x_wconf 88' lang='lat' dir='ltr'>in</span> <span class='ocrx_word' id='word_1_43' title='bbox 761 1158 895 1235; x_wconf 85' lang='lat' dir='ltr'>herbis</span> 
     </span>
     <span class='ocr_line' id='line_1_9' title="bbox 225 1286 869 1382; baseline -0.002 -17"><span class='ocrx_word' id='word_1_44' title='bbox 225 1286 428 1382; x_wconf 85' lang='lat' dir='ltr'>Victima,</span> <span class='ocrx_word' id='word_1_45' title='bbox 453 1288 691 1366; x_wconf 88' lang='lat' dir='ltr'>Pontificum</span> <span class='ocrx_word' id='word_1_46' title='bbox 714 1314 869 1364; x_wconf 88' lang='lat' dir='ltr'>secures</span> 
     </span>
     <span class='ocr_line' id='line_1_10' title="bbox 127 1410 939 1518; baseline 0 -29"><span class='ocrx_word' id='word_1_47' title='bbox 127 1412 289 1489; x_wconf 90' lang='lat' dir='ltr'>Cervice</span> <span class='ocrx_word' id='word_1_48' title='bbox 317 1414 350 1466; x_wconf 83' lang='grc'>13</span> <span class='ocrx_word' id='word_1_49' title='bbox 371 1413 505 1518; x_wconf 87' lang='lat' dir='ltr'>tinget.</span> <span class='ocrx_word' id='word_1_50' title='bbox 532 1430 566 1480; x_wconf 82' lang='lat'>14</span> <span class='ocrx_word' id='word_1_51' title='bbox 590 1416 647 1490; x_wconf 88' lang='lat' dir='ltr'>&#39;Pe</span> <span class='ocrx_word' id='word_1_52' title='bbox 672 1412 775 1489; x_wconf 88' lang='lat' dir='ltr'>nihil</span> <span class='ocrx_word' id='word_1_53' title='bbox 800 1410 939 1489; x_wconf 85' lang='lat' dir='ltr'>attinet</span> 
     </span>
     <span class='ocr_line' id='line_1_11' title="bbox 127 1540 941 1620; baseline -0.001 -4"><span class='ocrx_word' id='word_1_54' title='bbox 127 1542 161 1590; x_wconf 83' lang='lat'>¹⁵</span> <span class='ocrx_word' id='word_1_55' title='bbox 187 1544 355 1618; x_wconf 83' lang='lat' dir='ltr'>Tentare</span> <span class='ocrx_word' id='word_1_56' title='bbox 377 1542 504 1620; x_wconf 89' lang='lat' dir='ltr'>multa</span> <span class='ocrx_word' id='word_1_57' title='bbox 529 1544 635 1620; x_wconf 85' lang='lat' dir='ltr'>caede</span> <span class='ocrx_word' id='word_1_58' title='bbox 661 1543 695 1594; x_wconf 85' lang='lat'>¹⁶</span> <span class='ocrx_word' id='word_1_59' title='bbox 719 1540 941 1618; x_wconf 88' lang='lat' dir='ltr'>bidentium</span> 
     </span>
     <span class='ocr_line' id='line_1_12' title="bbox 174 1671 775 1749; baseline 0 -3"><span class='ocrx_word' id='word_1_60' title='bbox 174 1671 320 1747; x_wconf 86' lang='lat' dir='ltr'>Parvos</span> <span class='ocrx_word' id='word_1_61' title='bbox 345 1688 596 1749; x_wconf 88' lang='lat' dir='ltr'>coronantem</span> <span class='ocrx_word' id='word_1_62' title='bbox 620 1671 775 1747; x_wconf 89' lang='lat' dir='ltr'>marino</span> 
     </span>
     <span class='ocr_line' id='line_1_13' title="bbox 227 1797 1001 1901; baseline -0.003 -28"><span class='ocrx_word' id='word_1_63' title='bbox 227 1812 260 1863; x_wconf 81' lang='grc'>17</span> <span class='ocrx_word' id='word_1_64' title='bbox 282 1798 387 1874; x_wconf 88' lang='lat' dir='ltr'>Rore</span> <span class='ocrx_word' id='word_1_65' title='bbox 408 1800 542 1889; x_wconf 86' lang='lat' dir='ltr'>Deos,</span> <span class='ocrx_word' id='word_1_66' title='bbox 567 1797 779 1901; x_wconf 83' lang='lat' dir='ltr'>fragilique</span> <span class='ocrx_word' id='word_1_67' title='bbox 802 1811 944 1899; x_wconf 87' lang='lat' dir='ltr'>myrto.</span> <span class='ocrx_word' id='word_1_68' title='bbox 997 1808 1001 1847; x_wconf 64' lang='lat'>³</span> 
     </span>
     <span class='ocr_line' id='line_1_14' title="bbox 82 1904 995 2027; baseline -0.003 -30"><span class='ocrx_word' id='word_1_69' title='bbox 82 1904 88 1919; x_wconf 56' lang='grc'><em>’</em></span> <span class='ocrx_word' id='word_1_70' title='bbox 114 1920 163 2027; x_wconf 70' lang='grc'>18</span> <span class='ocrx_word' id='word_1_71' title='bbox 185 1923 374 1999; x_wconf 81' lang='lat' dir='ltr'>Immanis</span> <span class='ocrx_word' id='word_1_72' title='bbox 396 1906 506 1998; x_wconf 85' lang='lat' dir='ltr'>aram</span> <span class='ocrx_word' id='word_1_73' title='bbox 527 1922 559 1999; x_wconf 89' lang='lat' dir='ltr'>si</span> <span class='ocrx_word' id='word_1_74' title='bbox 583 1920 713 2024; x_wconf 85' lang='lat' dir='ltr'>tetigit</span> <span class='ocrx_word' id='word_1_75' title='bbox 735 1908 899 2012; x_wconf 38' lang='lat' dir='ltr'>ma‘nus3</span> <span class='ocrx_word' id='word_1_76' title='bbox 991 2012 995 2021; x_wconf 26' lang='grc' dir='ltr'><strong><em>Ι</em></strong></span> 
     </span>
     <span class='ocr_line' id='line_1_15' title="bbox 130 2043 846 2152; baseline 0.007 -36"><span class='ocrx_word' id='word_1_77' title='bbox 130 2043 219 2117; x_wconf 92' lang='lat' dir='ltr'>Non</span> <span class='ocrx_word' id='word_1_78' title='bbox 243 2065 465 2152; x_wconf 84' lang='lat' dir='ltr'>sumptuosa</span> <span class='ocrx_word' id='word_1_79' title='bbox 487 2046 670 2123; x_wconf 90' lang='lat' dir='ltr'>blandior</span> <span class='ocrx_word' id='word_1_80' title='bbox 693 2044 846 2138; x_wconf 88' lang='lat' dir='ltr'>hostia,</span> 
     </span>
     <span class='ocr_line' id='line_1_16' title="bbox 178 2168 721 2250; baseline 0.006 -5"><span class='ocrx_word' id='word_1_81' title='bbox 178 2168 357 2245; x_wconf 87' lang='lat' dir='ltr'>Mollibit</span> <span class='ocrx_word' id='word_1_82' title='bbox 380 2201 532 2250; x_wconf 87' lang='lat' dir='ltr'>aversos</span> <span class='ocrx_word' id='word_1_83' title='bbox 554 2177 721 2250; x_wconf 87' lang='lat' dir='ltr'>Penates</span> 
     </span>
    </p>
   </div>
   <div class='ocr_carea' id='block_1_3' title="bbox 228 2291 973 2402">
    <p class='ocr_par' dir='ltr' id='par_1_3' title="bbox 228 2291 973 2402">
     <span class='ocr_line' id='line_1_17' title="bbox 228 2291 973 2402; baseline 0.007 -37"><span class='ocrx_word' id='word_1_84' title='bbox 228 2310 262 2363; x_wconf 85' lang='lat'>19</span> <span class='ocrx_word' id='word_1_85' title='bbox 279 2297 401 2380; x_wconf 82' lang='lat' dir='ltr'>Ferre</span> <span class='ocrx_word' id='word_1_86' title='bbox 429 2297 521 2401; x_wconf 94' lang='lat' dir='ltr'>pio,</span> <span class='ocrx_word' id='word_1_87' title='bbox 551 2312 590 2372; x_wconf 89' lang='lat' dir='ltr'>et</span> <span class='ocrx_word' id='word_1_88' title='bbox 613 2312 648 2377; x_wconf 73' lang='lat'>²9</span> <span class='ocrx_word' id='word_1_89' title='bbox 668 2293 831 2372; x_wconf 83' lang='lat' dir='ltr'>saliente</span> <span class='ocrx_word' id='word_1_90' title='bbox 854 2291 973 2402; x_wconf 87' lang='lat' dir='ltr'>mica.</span> 
     </span>
    </p>
   </div>
   <div class='ocr_carea' id='block_1_4' title="bbox 37 2421 1206 3417">
    <p class='ocr_par' dir='ltr' id='par_1_4' title="bbox 39 2421 1200 2579">
     <span class='ocr_line' id='line_1_18' title="bbox 41 2421 1200 2500; baseline 0.005 -25"><span class='ocrx_word' id='word_1_91' title='bbox 41 2439 112 2492; x_wconf 86' lang='lat' dir='ltr'>pona</span> <span class='ocrx_word' id='word_1_92' title='bbox 131 2421 336 2493; x_wconf 82' lang='lat' dir='ltr'>immolabatur,</span> <span class='ocrx_word' id='word_1_93' title='bbox 359 2442 500 2500; x_wconf 87' lang='lat' dir='ltr'>propterea</span> <span class='ocrx_word' id='word_1_94' title='bbox 523 2425 597 2500; x_wconf 87' lang='lat' dir='ltr'>quod</span> <span class='ocrx_word' id='word_1_95' title='bbox 632 2429 695 2483; x_wconf 77' lang='lat' dir='ltr'>Diis</span> <span class='ocrx_word' id='word_1_96' title='bbox 710 2426 849 2498; x_wconf 78' lang='lat' dir='ltr'>promissa.</span> <span class='ocrx_word' id='word_1_97' title='bbox 875 2442 907 2477; x_wconf 70' lang='grc' dir='ltr'><em>η</em></span> <span class='ocrx_word' id='word_1_98' title='bbox 929 2425 961 2476; x_wconf 90' lang='lat' dir='ltr'>In</span> <span class='ocrx_word' id='word_1_99' title='bbox 978 2422 1083 2497; x_wconf 77' lang='lat' dir='ltr'>pascuis</span> <span class='ocrx_word' id='word_1_100' title='bbox 1099 2422 1200 2481; x_wconf 75' lang='lat' dir='ltr'>Albani</span> 
     </span>
     <span class='ocr_line' id='line_1_19' title="bbox 39 2500 979 2579; baseline 0.004 -22"><span class='ocrx_word' id='word_1_101' title='bbox 39 2500 91 2558; x_wconf 79' lang='lat' dir='ltr'>bac</span> <span class='ocrx_word' id='word_1_102' title='bbox 103 2527 184 2579; x_wconf 88' lang='lat' dir='ltr'>pecus</span> <span class='ocrx_word' id='word_1_103' title='bbox 195 2523 302 2563; x_wconf 88' lang='lat' dir='ltr'>tantum</span> <span class='ocrx_word' id='word_1_104' title='bbox 311 2507 384 2561; x_wconf 81' lang='lat' dir='ltr'>utilis</span> <span class='ocrx_word' id='word_1_105' title='bbox 394 2523 435 2576; x_wconf 85' lang='lat' dir='ltr'>est</span> <span class='ocrx_word' id='word_1_106' title='bbox 443 2508 478 2563; x_wconf 89' lang='lat' dir='ltr'>ad</span> <span class='ocrx_word' id='word_1_107' title='bbox 491 2526 595 2578; x_wconf 80' lang='lat' dir='ltr'>cecam,</span> <span class='ocrx_word' id='word_1_108' title='bbox 632 2512 742 2564; x_wconf 81' lang='lat' dir='ltr'>montis.</span> <span class='ocrx_word' id='word_1_109' title='bbox 759 2508 789 2564; x_wconf 79' lang='lat'>13</span> <span class='ocrx_word' id='word_1_110' title='bbox 803 2507 979 2564; x_wconf 83' lang='lat' dir='ltr'>Madefaciet.</span> 
     </span>
    </p>

    <p class='ocr_par' dir='ltr' id='par_1_5' title="bbox 37 2590 1205 3163">
     <span class='ocr_line' id='line_1_20' title="bbox 38 2590 1201 2667; baseline 0.008 -29"><span class='ocrx_word' id='word_1_111' title='bbox 38 2605 85 2657; x_wconf 87' lang='lat' dir='ltr'>qua</span> <span class='ocrx_word' id='word_1_112' title='bbox 101 2591 229 2647; x_wconf 81' lang='lat' dir='ltr'>familiam</span> <span class='ocrx_word' id='word_1_113' title='bbox 242 2590 380 2647; x_wconf 88' lang='lat' dir='ltr'>abundare</span> <span class='ocrx_word' id='word_1_114' title='bbox 395 2609 442 2659; x_wconf 83' lang='lat' dir='ltr'>opt</span> <span class='ocrx_word' id='word_1_115' title='bbox 442 2612 527 2639; x_wconf 67' lang='lat' dir='ltr'>aaaaa</span> <span class='ocrx_word' id='word_1_116' title='bbox 673 2602 704 2660; x_wconf 76' lang='lat'>¹4</span> <span class='ocrx_word' id='word_1_117' title='bbox 724 2591 800 2647; x_wconf 87' lang='lat' dir='ltr'>Ordo</span> <span class='ocrx_word' id='word_1_118' title='bbox 812 2606 852 2646; x_wconf 80' lang='lat' dir='ltr'>eat</span> <span class='ocrx_word' id='word_1_119' title='bbox 867 2610 874 2644; x_wconf 79' lang='lat' dir='ltr'>t</span> <span class='ocrx_word' id='word_1_120' title='bbox 891 2593 933 2646; x_wconf 85' lang='lat' dir='ltr'>Te</span> <span class='ocrx_word' id='word_1_121' title='bbox 949 2608 1123 2647; x_wconf 84' lang='lat' dir='ltr'>coronantem</span> <span class='ocrx_word' id='word_1_122' title='bbox 1133 2607 1201 2667; x_wconf 62' lang='lat' dir='ltr'>par-⁴</span> 
     </span>
     <span class='ocr_line' id='line_1_21' title="bbox 45 2668 1200 2749; baseline 0.003 -26"><span class='ocrx_word' id='word_1_123' title='bbox 45 2705 47 2708; x_wconf 81' lang='lat'>.</span> <span class='ocrx_word' id='word_1_124' title='bbox 69 2672 85 2725; x_wconf 76' lang='lat' dir='ltr'>t</span> <span class='ocrx_word' id='word_1_125' title='bbox 100 2675 397 2729; x_wconf 65' lang='lat' dir='ltr'>Ventum‘inferentem</span> <span class='ocrx_word' id='word_1_126' title='bbox 412 2668 515 2724; x_wconf 81' lang='lat' dir='ltr'>vitibus</span> <span class='ocrx_word' id='word_1_127' title='bbox 532 2689 603 2745; x_wconf 56' lang='grc' dir='ltr'>ρον·</span> <span class='ocrx_word' id='word_1_128' title='bbox 633 2694 680 2730; x_wconf 75' lang='lat' dir='ltr'>voa</span> <span class='ocrx_word' id='word_1_129' title='bbox 697 2679 773 2730; x_wconf 85' lang='lat' dir='ltr'>Dece</span> <span class='ocrx_word' id='word_1_130' title='bbox 787 2677 893 2729; x_wconf 83' lang='lat' dir='ltr'>marino</span> <span class='ocrx_word' id='word_1_131' title='bbox 908 2689 967 2727; x_wconf 85' lang='lat' dir='ltr'>rore</span> <span class='ocrx_word' id='word_1_132' title='bbox 982 2688 1010 2727; x_wconf 90' lang='lat' dir='ltr'>et</span> <span class='ocrx_word' id='word_1_133' title='bbox 1021 2675 1107 2749; x_wconf 78' lang='lat' dir='ltr'>fragili</span> <span class='ocrx_word' id='word_1_134' title='bbox 1120 2693 1200 2747; x_wconf 77' lang='lat' dir='ltr'>myr-</span> 
     </span>
     <span class='ocr_line' id='line_1_22' title="bbox 37 2751 1202 2830; baseline 0.008 -26"><span class='ocrx_word' id='word_1_135' title='bbox 37 2765 103 2819; x_wconf 89' lang='lat' dir='ltr'>tem,</span> <span class='ocrx_word' id='word_1_136' title='bbox 119 2774 173 2829; x_wconf 80' lang='lat' dir='ltr'>qua</span> <span class='ocrx_word' id='word_1_137' title='bbox 189 2756 259 2809; x_wconf 75' lang='lat' dir='ltr'>vites</span> <span class='ocrx_word' id='word_1_138' title='bbox 275 2751 454 2807; x_wconf 74' lang='lat' dir='ltr'>sterilescunt.</span> <span class='ocrx_word' id='word_1_139' title='bbox 470 2753 488 2807; x_wconf 89' lang='grc'><strong>6</strong></span> <span class='ocrx_word' id='word_1_140' title='bbox 506 2755 600 2808; x_wconf 86' lang='lat' dir='ltr'>Rubi·</span> <span class='ocrx_word' id='word_1_141' title='bbox 634 2770 683 2823; x_wconf 91' lang='lat' dir='ltr'>to,</span> <span class='ocrx_word' id='word_1_142' title='bbox 701 2756 772 2812; x_wconf 87' lang='lat' dir='ltr'>nihil</span> <span class='ocrx_word' id='word_1_143' title='bbox 796 2759 893 2811; x_wconf 82' lang='lat' dir='ltr'>attinet</span> <span class='ocrx_word' id='word_1_144' title='bbox 910 2772 1015 2811; x_wconf 84' lang='lat' dir='ltr'>tentare</span> <span class='ocrx_word' id='word_1_145' title='bbox 1036 2761 1106 2830; x_wconf 83' lang='lat' dir='ltr'>ipsos</span> <span class='ocrx_word' id='word_1_146' title='bbox 1125 2761 1202 2813; x_wconf 73' lang='lat' dir='ltr'>Deos</span> 
     </span>
     <span class='ocr_line' id='line_1_23' title="bbox 38 2835 1203 2913; baseline 0.005 -24"><span class='ocrx_word' id='word_1_147' title='bbox 38 2835 94 2905; x_wconf 71' lang='lat' dir='ltr'>gine</span> <span class='ocrx_word' id='word_1_148' title='bbox 105 2840 234 2913; x_wconf 73' lang='lat' dir='ltr'>nigrescit</span> <span class='ocrx_word' id='word_1_149' title='bbox 246 2836 417 2911; x_wconf 82' lang='lat' dir='ltr'>spica,etlit</span> <span class='ocrx_word' id='word_1_150' title='bbox 433 2836 597 2892; x_wconf 74' lang='lat' dir='ltr'>infecunda.</span> <span class='ocrx_word' id='word_1_151' title='bbox 635 2839 721 2893; x_wconf 85' lang='lat' dir='ltr'>multa</span> <span class='ocrx_word' id='word_1_152' title='bbox 742 2837 815 2894; x_wconf 83' lang='lat' dir='ltr'>caede</span> <span class='ocrx_word' id='word_1_153' title='bbox 836 2839 1000 2894; x_wconf 87' lang='lat' dir='ltr'>bidentium.</span> <span class='ocrx_word' id='word_1_154' title='bbox 1031 2840 1063 2892; x_wconf 77' lang='lat'>15</span> <span class='ocrx_word' id='word_1_155' title='bbox 1091 2839 1203 2895; x_wconf 88' lang='lat' dir='ltr'>Placare</span> 
     </span>
     <span class='ocr_line' id='line_1_24' title="bbox 39 2920 1205 2996; baseline 0.003 -22"><span class='ocrx_word' id='word_1_156' title='bbox 39 2933 53 2985; x_wconf 88' lang='lat'><strong><em>7</em></strong></span> <span class='ocrx_word' id='word_1_157' title='bbox 70 2921 174 2980; x_wconf 80' lang='lat' dir='ltr'>Dulces</span> <span class='ocrx_word' id='word_1_158' title='bbox 191 2922 279 2977; x_wconf 84' lang='lat' dir='ltr'>liberi.</span> <span class='ocrx_word' id='word_1_159' title='bbox 296 2921 373 2976; x_wconf 85' lang='lat' dir='ltr'>Orda</span> <span class='ocrx_word' id='word_1_160' title='bbox 388 2936 444 2975; x_wconf 82' lang='lat' dir='ltr'>eet:</span> <span class='ocrx_word' id='word_1_161' title='bbox 464 2923 520 2976; x_wconf 73' lang='lat' dir='ltr'>Aut</span> <span class='ocrx_word' id='word_1_162' title='bbox 532 2920 599 2976; x_wconf 88' lang='lat' dir='ltr'>dul-</span> <span class='ocrx_word' id='word_1_163' title='bbox 635 2926 830 2996; x_wconf 80' lang='lat' dir='ltr'>parvoeDeoa,</span> <span class='ocrx_word' id='word_1_164' title='bbox 842 2922 873 2976; x_wconf 88' lang='lat' dir='ltr'>id</span> <span class='ocrx_word' id='word_1_165' title='bbox 885 2937 941 2989; x_wconf 81' lang='lat' dir='ltr'>est,</span> <span class='ocrx_word' id='word_1_166' title='bbox 955 2925 1037 2977; x_wconf 79' lang='lat' dir='ltr'>Lares</span> <span class='ocrx_word' id='word_1_167' title='bbox 1049 2938 1076 2975; x_wconf 88' lang='lat' dir='ltr'>et</span> <span class='ocrx_word' id='word_1_168' title='bbox 1088 2923 1205 2978; x_wconf 78' lang='lat' dir='ltr'>Penates</span> 
     </span>
     <span class='ocr_line' id='line_1_25' title="bbox 38 3004 1203 3083; baseline 0.009 -31"><span class='ocrx_word' id='word_1_169' title='bbox 38 3018 78 3054; x_wconf 79' lang='lat' dir='ltr'>ces</span> <span class='ocrx_word' id='word_1_170' title='bbox 88 3004 192 3060; x_wconf 84' lang='lat' dir='ltr'>alumni</span> <span class='ocrx_word' id='word_1_171' title='bbox 203 3025 282 3081; x_wconf 85' lang='lat' dir='ltr'>grava</span> <span class='ocrx_word' id='word_1_172' title='bbox 291 3021 461 3079; x_wconf 82' lang='lat' dir='ltr'>tempuenon</span> <span class='ocrx_word' id='word_1_173' title='bbox 471 3008 599 3073; x_wconf 81' lang='lat' dir='ltr'>sentient,</span> <span class='ocrx_word' id='word_1_174' title='bbox 636 3005 781 3060; x_wconf 88' lang='lat' dir='ltr'>mactando</span> <span class='ocrx_word' id='word_1_175' title='bbox 795 3006 894 3059; x_wconf 84' lang='lat' dir='ltr'>multat</span> <span class='ocrx_word' id='word_1_176' title='bbox 909 3005 1044 3083; x_wconf 81' lang='lat' dir='ltr'>bidentes.</span> <span class='ocrx_word' id='word_1_177' title='bbox 1060 3005 1091 3059; x_wconf 84' lang='lat'>16</span> <span class='ocrx_word' id='word_1_178' title='bbox 1100 3006 1203 3063; x_wconf 86' lang='lat' dir='ltr'>Ovium</span> 
     </span>
     <span class='ocr_line' id='line_1_26' title="bbox 37 3089 1008 3163; baseline -0.001 -21"><span class='ocrx_word' id='word_1_179' title='bbox 37 3102 104 3142; x_wconf 66' lang='lat' dir='ltr'>auno</span> <span class='ocrx_word' id='word_1_180' title='bbox 121 3091 272 3163; x_wconf 82' lang='lat' dir='ltr'>pomifero,</span> <span class='ocrx_word' id='word_1_181' title='bbox 298 3089 328 3143; x_wconf 81' lang='lat' dir='ltr'>id</span> <span class='ocrx_word' id='word_1_182' title='bbox 355 3103 423 3155; x_wconf 78' lang='lat' dir='ltr'>eet,</span> <span class='ocrx_word' id='word_1_183' title='bbox 437 3090 503 3141; x_wconf 85' lang='lat' dir='ltr'>anni</span> <span class='ocrx_word' id='word_1_184' title='bbox 526 3105 601 3159; x_wconf 83' lang='lat' dir='ltr'>parte</span> <span class='ocrx_word' id='word_1_185' title='bbox 635 3089 778 3144; x_wconf 82' lang='lat' dir='ltr'>bimatum.</span> <span class='ocrx_word' id='word_1_186' title='bbox 796 3108 826 3160; x_wconf 88' lang='lat'>17</span> <span class='ocrx_word' id='word_1_187' title='bbox 840 3090 1008 3141; x_wconf 86' lang='lat' dir='ltr'>Rosmarino.</span> 
     </span>
    </p>

    <p class='ocr_par' dir='ltr' id='par_1_6' title="bbox 38 3172 1206 3417">
     <span class='ocr_line' id='line_1_27' title="bbox 38 3172 1204 3248; baseline 0.006 -24"><span class='ocrx_word' id='word_1_188' title='bbox 38 3173 179 3241; x_wconf 77' lang='lat' dir='ltr'>pomilera3</span> <span class='ocrx_word' id='word_1_189' title='bbox 196 3193 295 3248; x_wconf 88' lang='lat' dir='ltr'>nempe</span> <span class='ocrx_word' id='word_1_190' title='bbox 315 3176 471 3238; x_wconf 79' lang='lat' dir='ltr'>Autumno,</span> <span class='ocrx_word' id='word_1_191' title='bbox 494 3172 603 3244; x_wconf 85' lang='lat' dir='ltr'>quando</span> <span class='ocrx_word' id='word_1_192' title='bbox 676 3174 710 3225; x_wconf 87' lang='lat'>18</span> <span class='ocrx_word' id='word_1_193' title='bbox 724 3173 751 3226; x_wconf 78' lang='lat' dir='ltr'>Si</span> <span class='ocrx_word' id='word_1_194' title='bbox 764 3188 810 3227; x_wconf 86' lang='lat' dir='ltr'>tua</span> <span class='ocrx_word' id='word_1_195' title='bbox 819 3191 916 3226; x_wconf 83' lang='lat' dir='ltr'>manns</span> <span class='ocrx_word' id='word_1_196' title='bbox 930 3173 1059 3227; x_wconf 79' lang='lat' dir='ltr'>immunia</span> <span class='ocrx_word' id='word_1_197' title='bbox 1072 3174 1087 3227; x_wconf 76' lang='lat' dir='ltr'>l</span> <span class='ocrx_word' id='word_1_198' title='bbox 1100 3175 1204 3232; x_wconf 79' lang='lat' dir='ltr'>scelere</span> 
     </span>
     <span class='ocr_line' id='line_1_28' title="bbox 38 3254 1206 3332; baseline 0.006 -25"><span class='ocrx_word' id='word_1_199' title='bbox 38 3258 108 3323; x_wconf 81' lang='lat' dir='ltr'>pueri</span> <span class='ocrx_word' id='word_1_200' title='bbox 125 3261 217 3332; x_wconf 79' lang='lat' dir='ltr'>pomis</span> <span class='ocrx_word' id='word_1_201' title='bbox 230 3257 405 3314; x_wconf 83' lang='lat' dir='ltr'>vehementer</span> <span class='ocrx_word' id='word_1_202' title='bbox 423 3254 601 3310; x_wconf 83' lang='lat' dir='ltr'>delectantur.</span> <span class='ocrx_word' id='word_1_203' title='bbox 639 3274 713 3309; x_wconf 87' lang='lat' dir='ltr'>arem</span> <span class='ocrx_word' id='word_1_204' title='bbox 721 3258 818 3330; x_wconf 84' lang='lat' dir='ltr'>tetigit,</span> <span class='ocrx_word' id='word_1_205' title='bbox 826 3272 899 3311; x_wconf 87' lang='lat' dir='ltr'>certe</span> <span class='ocrx_word' id='word_1_206' title='bbox 906 3256 1109 3331; x_wconf 77' lang='lat' dir='ltr'>placabltlratoe</span> <span class='ocrx_word' id='word_1_207' title='bbox 1118 3261 1206 3327; x_wconf 76' lang='lat' dir='ltr'>Deos,</span> 
     </span>
     <span class='ocr_line' id='line_1_29' title="bbox 38 3338 1206 3417; baseline 0.006 -25"><span class='ocrx_word' id='word_1_208' title='bbox 38 3338 185 3416; x_wconf 64' lang='lat' dir='ltr'>trampus</span> <span class='ocrx_word' id='word_1_209' title='bbox 202 3341 331 3417; x_wconf 75' lang='lat' dir='ltr'>pestilens</span> <span class='ocrx_word' id='word_1_210' title='bbox 345 3357 372 3395; x_wconf 91' lang='lat' dir='ltr'>et</span> <span class='ocrx_word' id='word_1_211' title='bbox 385 3339 532 3395; x_wconf 75' lang='lat' dir='ltr'>insalubre.</span> <span class='ocrx_word' id='word_1_212' title='bbox 639 3357 697 3415; x_wconf 81' lang='lat' dir='ltr'>qnae</span> <span class='ocrx_word' id='word_1_213' title='bbox 709 3340 820 3414; x_wconf 89' lang='lat' dir='ltr'>quidem</span> <span class='ocrx_word' id='word_1_214' title='bbox 829 3360 927 3396; x_wconf 83' lang='lat' dir='ltr'>manus</span> <span class='ocrx_word' id='word_1_215' title='bbox 936 3341 1024 3395; x_wconf 88' lang='lat' dir='ltr'>nihilo</span> <span class='ocrx_word' id='word_1_216' title='bbox 1033 3345 1147 3416; x_wconf 77' lang='lat' dir='ltr'>gratior,</span> <span class='ocrx_word' id='word_1_217' title='bbox 1157 3360 1206 3399; x_wconf 87' lang='lat' dir='ltr'>aut</span> 
     </span>
    </p>
   </div>
   <div class='ocr_carea' id='block_1_5' title="bbox 70 3424 1319 3500">
    <p class='ocr_par' dir='ltr' id='par_1_7' title="bbox 70 3424 1319 3500">
     <span class='ocr_line' id='line_1_30' title="bbox 70 3424 1319 3500; baseline 0.001 -21"><span class='ocrx_word' id='word_1_218' title='bbox 70 3424 180 3496; x_wconf 83' lang='lat' dir='ltr'>90rdo</span> <span class='ocrx_word' id='word_1_219' title='bbox 190 3443 245 3481; x_wconf 82' lang='lat' dir='ltr'>est:</span> <span class='ocrx_word' id='word_1_220' title='bbox 262 3428 334 3480; x_wconf 86' lang='lat' dir='ltr'>Nam</span> <span class='ocrx_word' id='word_1_221' title='bbox 346 3426 457 3479; x_wconf 78' lang='lat' dir='ltr'>victima</span> <span class='ocrx_word' id='word_1_222' title='bbox 467 3443 527 3498; x_wconf 85' lang='lat' dir='ltr'>quae</span> <span class='ocrx_word' id='word_1_223' title='bbox 542 3442 605 3498; x_wconf 83' lang='lat' dir='ltr'>pat-</span> <span class='ocrx_word' id='word_1_224' title='bbox 639 3426 773 3497; x_wconf 86' lang='lat' dir='ltr'>acceptior</span> <span class='ocrx_word' id='word_1_225' title='bbox 790 3427 824 3479; x_wconf 87' lang='lat' dir='ltr'>iis</span> <span class='ocrx_word' id='word_1_226' title='bbox 843 3425 923 3480; x_wconf 85' lang='lat' dir='ltr'>luerit</span> <span class='ocrx_word' id='word_1_227' title='bbox 935 3440 1043 3500; x_wconf 89' lang='lat' dir='ltr'>propter</span> <span class='ocrx_word' id='word_1_228' title='bbox 1059 3442 1206 3500; x_wconf 81' lang='lat' dir='ltr'>sumptuo—</span> <span class='ocrx_word' id='word_1_229' title='bbox 1316 3475 1319 3480; x_wconf 85' lang='lat'>.</span> 
     </span>
    </p>
   </div>
   <div class='ocr_carea' id='block_1_6' title="bbox 38 3507 1209 4003">
    <p class='ocr_par' dir='ltr' id='par_1_8' title="bbox 38 3507 1209 4003">
     <span class='ocr_line' id='line_1_31' title="bbox 39 3507 1206 3584; baseline 0.003 -26"><span class='ocrx_word' id='word_1_230' title='bbox 39 3508 105 3561; x_wconf 75' lang='lat' dir='ltr'>citur</span> <span class='ocrx_word' id='word_1_231' title='bbox 125 3511 216 3565; x_wconf 80' lang='lat' dir='ltr'>nivali</span> <span class='ocrx_word' id='word_1_232' title='bbox 235 3508 333 3584; x_wconf 72' lang='lat' dir='ltr'>Algido</span> <span class='ocrx_word' id='word_1_233' title='bbox 352 3510 425 3562; x_wconf 85' lang='lat' dir='ltr'>inter</span> <span class='ocrx_word' id='word_1_234' title='bbox 445 3521 559 3578; x_wconf 76' lang='lat' dir='ltr'>querum</span> <span class='ocrx_word' id='word_1_235' title='bbox 576 3524 605 3563; x_wconf 91' lang='lat' dir='ltr'>et</span> <span class='ocrx_word' id='word_1_236' title='bbox 640 3525 696 3561; x_wconf 76' lang='lat' dir='ltr'>earn</span> <span class='ocrx_word' id='word_1_237' title='bbox 711 3507 843 3576; x_wconf 82' lang='lat' dir='ltr'>hostiam,</span> <span class='ocrx_word' id='word_1_238' title='bbox 856 3527 937 3583; x_wconf 88' lang='lat' dir='ltr'>quam</span> <span class='ocrx_word' id='word_1_239' title='bbox 954 3510 976 3562; x_wconf 84' lang='lat' dir='ltr'>ei</span> <span class='ocrx_word' id='word_1_240' title='bbox 992 3509 1033 3562; x_wconf 85' lang='lat' dir='ltr'>lar</span> <span class='ocrx_word' id='word_1_241' title='bbox 1043 3525 1093 3563; x_wconf 83' lang='lat' dir='ltr'>aut</span> <span class='ocrx_word' id='word_1_242' title='bbox 1103 3511 1206 3562; x_wconf 87' lang='lat' dir='ltr'>micam</span> 
     </span>
     <span class='ocr_line' id='line_1_32' title="bbox 38 3586 1208 3668; baseline 0.003 -31"><span class='ocrx_word' id='word_1_243' title='bbox 38 3586 131 3659; x_wconf 84' lang='lat' dir='ltr'>ilices,</span> <span class='ocrx_word' id='word_1_244' title='bbox 161 3608 212 3647; x_wconf 79' lang='lat' dir='ltr'>aut</span> <span class='ocrx_word' id='word_1_245' title='bbox 235 3611 295 3668; x_wconf 73' lang='lat' dir='ltr'>qun</span> <span class='ocrx_word' id='word_1_246' title='bbox 316 3593 413 3646; x_wconf 77' lang='lat' dir='ltr'>crescit</span> <span class='ocrx_word' id='word_1_247' title='bbox 437 3593 468 3643; x_wconf 88' lang='lat' dir='ltr'>in</span> <span class='ocrx_word' id='word_1_248' title='bbox 493 3590 606 3644; x_wconf 81' lang='lat' dir='ltr'>Albanis</span> <span class='ocrx_word' id='word_1_249' title='bbox 640 3590 699 3644; x_wconf 80' lang='lat' dir='ltr'>salis</span> <span class='ocrx_word' id='word_1_250' title='bbox 714 3589 871 3660; x_wconf 77' lang='lat' dir='ltr'>efferes3id</span> <span class='ocrx_word' id='word_1_251' title='bbox 885 3606 939 3656; x_wconf 82' lang='lat' dir='ltr'>eet,</span> <span class='ocrx_word' id='word_1_252' title='bbox 956 3612 1014 3646; x_wconf 92' lang='lat' dir='ltr'>non</span> <span class='ocrx_word' id='word_1_253' title='bbox 1033 3608 1131 3665; x_wconf 79' lang='lat' dir='ltr'>magna</span> <span class='ocrx_word' id='word_1_254' title='bbox 1142 3608 1208 3658; x_wconf 64' lang='lat' dir='ltr'>mu-v</span> 
     </span>
     <span class='ocr_line' id='line_1_33' title="bbox 40 3669 1209 3750; baseline -0.002 -24"><span class='ocrx_word' id='word_1_255' title='bbox 40 3669 144 3742; x_wconf 74' lang='lat' dir='ltr'>barbis,</span> <span class='ocrx_word' id='word_1_256' title='bbox 162 3678 249 3750; x_wconf 83' lang='lat' dir='ltr'>tingit</span> <span class='ocrx_word' id='word_1_257' title='bbox 259 3694 365 3731; x_wconf 79' lang='lat' dir='ltr'>secures</span> <span class='ocrx_word' id='word_1_258' title='bbox 373 3672 531 3748; x_wconf 84' lang='lat' dir='ltr'>pontificum</span> <span class='ocrx_word' id='word_1_259' title='bbox 543 3692 607 3729; x_wconf 81' lang='lat' dir='ltr'>cer-</span> <span class='ocrx_word' id='word_1_260' title='bbox 641 3693 721 3739; x_wconf 82' lang='lat' dir='ltr'>nen,</span> <span class='ocrx_word' id='word_1_261' title='bbox 739 3674 787 3730; x_wconf 80' lang='lat' dir='ltr'>aed</span> <span class='ocrx_word' id='word_1_262' title='bbox 804 3691 881 3730; x_wconf 84' lang='lat' dir='ltr'>mena</span> <span class='ocrx_word' id='word_1_263' title='bbox 895 3677 999 3729; x_wconf 84' lang='lat' dir='ltr'>sincera</span> <span class='ocrx_word' id='word_1_264' title='bbox 1012 3675 1087 3727; x_wconf 85' lang='lat' dir='ltr'>Deos</span> <span class='ocrx_word' id='word_1_265' title='bbox 1106 3670 1209 3744; x_wconf 82' lang='lat' dir='ltr'>placat:</span> 
     </span>
     <span class='ocr_line' id='line_1_34' title="bbox 42 3753 1208 3834; baseline -0.002 -25"><span class='ocrx_word' id='word_1_266' title='bbox 42 3756 115 3825; x_wconf 80' lang='lat' dir='ltr'>vice,</span> <span class='ocrx_word' id='word_1_267' title='bbox 133 3760 164 3814; x_wconf 88' lang='lat' dir='ltr'>id</span> <span class='ocrx_word' id='word_1_268' title='bbox 181 3775 244 3826; x_wconf 83' lang='lat' dir='ltr'>eat,</span> <span class='ocrx_word' id='word_1_269' title='bbox 257 3778 360 3834; x_wconf 81' lang='lat' dir='ltr'>magnae</span> <span class='ocrx_word' id='word_1_270' title='bbox 377 3759 494 3812; x_wconf 77' lang='lat' dir='ltr'>victimae</span> <span class='ocrx_word' id='word_1_271' title='bbox 507 3757 523 3810; x_wconf 78' lang='lat' dir='ltr'>d</span> <span class='ocrx_word' id='word_1_272' title='bbox 534 3775 606 3830; x_wconf 87' lang='lat' dir='ltr'>pon·</span> <span class='ocrx_word' id='word_1_273' title='bbox 646 3780 678 3832; x_wconf 78' lang='lat'>¹9</span> <span class='ocrx_word' id='word_1_274' title='bbox 686 3761 753 3814; x_wconf 82' lang='lat' dir='ltr'>Fare</span> <span class='ocrx_word' id='word_1_275' title='bbox 766 3761 810 3834; x_wconf 85' lang='lat' dir='ltr'>pie</span> <span class='ocrx_word' id='word_1_276' title='bbox 823 3759 924 3814; x_wconf 86' lang='lat' dir='ltr'>oblato.</span> <span class='ocrx_word' id='word_1_277' title='bbox 940 3778 974 3812; x_wconf 77' lang='lat' dir='ltr'>ao</span> <span class='ocrx_word' id='word_1_278' title='bbox 987 3759 1062 3811; x_wconf 85' lang='lat' dir='ltr'>Mica</span> <span class='ocrx_word' id='word_1_279' title='bbox 1074 3753 1208 3828; x_wconf 70' lang='lat' dir='ltr'>saltante,</span> 
     </span>
     <span class='ocr_line' id='line_1_35' title="bbox 42 3838 1207 3917; baseline -0.004 -22"><span class='ocrx_word' id='word_1_280' title='bbox 42 3838 421 3898; x_wconf 82' lang='lat' dir='ltr'>tificibnssnntimmolandae.</span> <span class='ocrx_word' id='word_1_281' title='bbox 434 3842 506 3894; x_wconf 79' lang='lat' dir='ltr'>toln</span> <span class='ocrx_word' id='word_1_282' title='bbox 515 3855 608 3895; x_wconf 88' lang='lat' dir='ltr'>monte</span> <span class='ocrx_word' id='word_1_283' title='bbox 642 3841 685 3896; x_wconf 82' lang='lat' dir='ltr'>vel</span> <span class='ocrx_word' id='word_1_284' title='bbox 703 3844 862 3917; x_wconf 85' lang='lat' dir='ltr'>crepitante.</span> <span class='ocrx_word' id='word_1_285' title='bbox 886 3843 959 3897; x_wconf 87' lang='lat' dir='ltr'>Nam·</span> <span class='ocrx_word' id='word_1_286' title='bbox 981 3838 1020 3896; x_wconf 85' lang='lat' dir='ltr'>sal</span> <span class='ocrx_word' id='word_1_287' title='bbox 1041 3839 1097 3911; x_wconf 81' lang='lat' dir='ltr'>igni</span> <span class='ocrx_word' id='word_1_288' title='bbox 1118 3848 1207 3890; x_wconf 79' lang='lat' dir='ltr'>tactus</span> 
     </span>
     <span class='ocr_line' id='line_1_36' title="bbox 45 3924 896 4003; baseline 0.002 -25"><span class='ocrx_word' id='word_1_289' title='bbox 45 3924 148 3983; x_wconf 60' lang='lat' dir='ltr'>mribus</span> <span class='ocrx_word' id='word_1_290' title='bbox 163 3941 305 4001; x_wconf 82' lang='lat' dir='ltr'>cooperto.</span> <span class='ocrx_word' id='word_1_291' title='bbox 325 3945 354 3981; x_wconf 84' lang='grc' dir='ltr'>ιι</span> <span class='ocrx_word' id='word_1_292' title='bbox 369 3925 488 3982; x_wconf 85' lang='lat' dir='ltr'>Victima</span> <span class='ocrx_word' id='word_1_293' title='bbox 498 3943 533 3980; x_wconf 81' lang='lat' dir='ltr'>ex</span> <span class='ocrx_word' id='word_1_294' title='bbox 547 3939 608 3980; x_wconf 80' lang='lat' dir='ltr'>voto</span> <span class='ocrx_word' id='word_1_295' title='bbox 644 3926 721 3982; x_wconf 74' lang='lat' dir='ltr'>saltat</span> <span class='ocrx_word' id='word_1_296' title='bbox 732 3941 759 3982; x_wconf 88' lang='lat' dir='ltr'>et</span> <span class='ocrx_word' id='word_1_297' title='bbox 772 3927 896 4003; x_wconf 59' lang='lat' dir='ltr'>crepitat,</span> 
     </span>
    </p>
   </div>
   <div class='ocr_carea' id='block_1_7' title="bbox 0 0 1436 4750">
    <p class='ocr_par' dir='ltr' id='par_1_9' title="bbox 0 0 1436 4750">
     <span class='ocr_line' id='line_1_37' title="bbox 0 0 1436 4750; baseline 0 0"><span class='ocrx_word' id='word_1_298' title='bbox 0 0 1436 4750; x_wconf 95' lang='lat' dir='ltr'> </span> 
     </span>
    </p>
   </div>
  </div>
 </body>
</html>
