2842 4750
625 281 991 350 Q.uouiru

289 382 535 459 Gaudentem
561 383 704 485 patrios
731 386 764 445 1⁶
788 385 934 461 findere
960 387 1110 466 sarculo

290 512 439 611 Agrea,
468 523 501 575 17
524 507 706 584 Attalicis
731 509 1041 589 conditionibus*

291 637 504 737 Nunquam
530 632 753 724 dimoveas,
779 633 953 710 attrahe
981 634 1014 687 1⁸
1038 637 1182 741 Cypria
1283 686 1285 688 v

291 774 323 825 Ι9
347 761 547 862 Myrtoum
573 773 607 810 20
632 758 796 860 pavidus
821 778 940 835 nauta
964 778 1067 838 secet
1088 742 1209 840 mare.

291 895 322 979 31
346 883 579 957 Luctantem
601 881 737 957 icariis
761 884 946 962 fluctibus
971 900 1004 936 ²²
1029 886 1213 962 Africum

290 1006 487 1083 Mercator
515 1021 716 1098 metuens,
739 1005 888 1097 otium,
910 1026 947 1083 et
960 1010 1092 1113 oppidi

290 1129 445 1204 Laudat
469 1156 559 1204 rura
581 1128 639 1204 sui
664 1162 673 1205 ι
699 1158 789 1204 mox
811 1129 937 1205 reficit
958 1148 1059 1208 rates

289 1258 323 1311 23
345 1260 536 1360 Quassas,
560 1273 595 1323 ²4
618 1257 799 1335 indocilis
827 1260 1053 1362 pauperiem
1077 1259 1170 1362 pati.

243 1408 246 1411 ·
288 1383 324 1434 ²⁵
349 1384 415 1459 Est
437 1382 504 1485 qui
525 1395 602 1457 'neo
626 1383 767 1459 veteris
791 1384 930 1485 pocula
956 1385 991 1435 ²⁶
1014 1385 1199 1480 Massici,

291 1515 376 1589 Nec
396 1528 546 1614 partem
569 1509 689 1586 solido
709 1526 744 1577 27
769 1512 925 1588 demere
953 1512 1001 1587 de
1025 1511 1089 1587 die

290 1636 465 1738 Spernit3
488 1662 591 1709 nune
614 1632 732 1710 viridi
756 1634 791 1686 23
815 1633 994 1710 membra
1017 1634 1088 1710 sub
1111 1634 1250 1717 arbuto
1324 1712 1328 1723 ,

288 1763 463 1853 Stratus,
493 1787 596 1835 nunc
620 1758 672 1832 ad
693 1787 806 1863 aquae
831 1759 918 1835 lene
944 1776 1059 1863 caput
1084 1775 1118 1828 ²9
1143 1787 1274 1838 sacrae.

288 1887 434 1963 Multos
460 1901 584 1959 eastra
608 1882 770 1981 juvant,
798 1900 837 1958 et
861 1883 894 1935 3⁰
917 1884 1016 1960 lituo
1042 1883 1147 1959 tubae

288 2012 500 2092 Permistus
522 2010 691 2104 sonitus,
715 2009 899 2113 bellaque
924 2009 1114 2087 matribus

287 2139 320 2191 31
346 2141 558 2243 Detestata.
585 2138 724 2213 Manet
748 2135 819 2211 sul)
842 2137 876 2188 3²
899 2137 1000 2236 dove
1026 2136 1170 2239 frigido

220 2354 224 2367 Ι
288 2266 490 2359 Venator,
515 2264 548 2321 33
574 2279 718 2341 tenerae
743 2265 913 2368 conjugis
935 2266 1167 2341 immemor:

286 2393 367 2466 Seu
386 2392 469 2466 visa
497 2406 553 2466 est
575 2390 714 2465 catulis
738 2418 853 2465 cerva
876 2392 911 2455 34
934 2387 1140 2479 fidelibus,

288 2513 321 2565 35
349 2515 426 2589 Seu
448 2513 554 2615 rupit
574 2528 714 2590 teretes
735 2514 769 2565 36
791 2516 944 2591 Marsus
965 2540 1059 2616 aper
1083 2512 1227 2615 plagae.

238 2671 383 2729 recissima.
399 2668 431 2721 ιδ
439 2668 800 2742 Agrosligonefodere‚vel,
835 2672 913 2745 quale
933 2673 962 2724 in
986 2670 1105 2723 Massico
1128 2669 1284 2742 Campaniae
1308 2686 1396 2727 moute

238 2772 314 2828 agros
331 2751 418 2806 colere
437 2750 558 2819 sarculo,
573 2752 645 2825 quod
664 2768 703 2807 est
717 2772 800 2825 genus
835 2758 962 2809 nascitur.
978 2773 1010 2827 27
1027 2755 1158 2826 Frangere
1170 2752 1243 2807 diem
1257 2757 1396 2811 intermit-

237 2838 324 2892 rastri.
352 2833 440 2887 Graeci
462 2836 491 2886 ri
514 2831 636 2889 umidior
655 2827 799 2909 appellant.
835 2836 1395 2912 teudolaborem,pabuloquecorpusrefi-

239 2939 272 2990 ¹7
281 2920 501 2991 Numquameum
511 2914 545 2969 de
556 2918 739 2971 sententiasu'a
747 2918 799 2971 de·
835 2920 942 2974 ciendo.
957 2923 991 2974 28
998 2919 1109 2973 Habens
1122 2919 1244 2975 membra
1255 2938 1336 2976 strata
1349 2919 1396 2975 sub

238 3001 339 3064 ducas,
357 3002 478 3074 quamvis
489 3002 558 3073 regis
568 3020 631 3073 opes
644 3003 669 3054 ei
683 3001 798 3068 offeras,
834 3003 928 3057 arbuto
937 3001 1015 3057 viridi
1025 3041 1033 3068 ,
1042 3002 1071 3056 id
1081 3018 1137 3069 est,
1148 3002 1196 3056 sub
1207 3003 1303 3057 arbuto
1312 3023 1397 3060 amoe·

238 3083 388 3155 cujusmodi
401 3098 477 3138 erant
488 3082 571 3136 Attali
583 3086 651 3156 regis
666 3085 798 3156 Pergami.
833 3104 871 3140 na
885 3101 912 3139 et
922 3086 1052 3139 conviviis
1061 3083 1168 3139 idonea.
1183 3103 1218 3157 29
1227 3085 1327 3139 Omnis
1338 3086 1398 3139 lons

242 3170 273 3222 18
284 3169 358 3220 Nave
366 3187 401 3220 ex
409 3165 526 3220 trabibus
533 3167 798 3239 Cypriiscompacta,
834 3170 864 3220 in
875 3171 977 3241 origine
990 3186 1065 3220 sacer
1078 3181 1134 3232 est,
1147 3185 1247 3238 suoque
1259 3185 1398 3221 murmure

142 3265 144 3278 ’
237 3269 286 3324 pro
305 3252 397 3323 quavis
412 3268 490 3306 nave.
515 3268 546 3321 ¹9
567 3248 644 3303 Mare
663 3251 800 3322 aMyrtoo
834 3270 942 3304 somnos
952 3249 1045 3302 allicit.

238 3333 374 3386 OEuomai
385 3334 453 3405 regis
462 3329 582 3385 Arcadiae
596 3334 686 3404 auriga
699 3334 799 3385 sicno-
871 3333 905 3384 30
918 3333 1013 3383 Lituus
1030 3331 1149 3402 equitum
1162 3344 1239 3382 estet
1252 3331 1401 3399 incurvus,

238 3417 380 3470 mirratum.
388 3415 538 3486 20Propter
547 3411 677 3486 naufragii
686 3429 798 3467 metum.
834 3409 1035 3485 tuba'peditum
1057 3426 1084 3464 et
1101 3410 1212 3464 directa.
1234 3411 1265 3463 δι
1286 3411 1401 3486 Propter

275 3517 306 3552 21
322 3497 518 3569 Confligentem
529 3515 591 3549 cum
607 3495 731 3550 fluctibus
741 3498 800 3548 lca·
832 3495 947 3549 filiorum
956 3496 1104 3548 interitum.

238 3584 294 3635 riis.⁴
315 3600 349 3634 22
366 3582 421 3650 Qui
438 3580 484 3632 ssat
502 3578 537 3631 ab
551 3596 648 3631 occasu
665 3578 797 3651 hyberno.
870 3579 904 3631 32
914 3577 968 3631 Sub
976 3576 1149 3651 aerel'rigido.
1165 3578 1199 3630 33
1210 3577 1343 3649 Coniugis
1352 3579 1401 3633 de-

236 3665 273 3719 23
288 3666 376 3718 Nares
390 3661 500 3731 lacpras.
512 3671 546 3726 24
564 3661 618 3731 Qui
635 3658 726 3715 dcccii
741 3680 799 3714 non
832 3660 929 3715 licata.
944 3661 978 3728 34
990 3662 1062 3713 Mira
1080 3673 1120 3714 eat
1131 3679 1227 3713 canum
1241 3657 1358 3714 fidelitas
1371 3665 1399 3713 iu

237 3762 325 3820 potest
333 3747 490 3819 pauperiem
503 3746 567 3819 pati.
834 3742 967 3797 dominos.
995 3743 1028 3795 35
1045 3743 1098 3796 Seu
1109 3742 1212 3814 effugit
1232 3760 1296 3815 aper
1316 3744 1399 3815 ruptis

275 3832 309 3906 35
327 3831 376 3883 Eat
390 3828 463 3882 aliud
479 3847 562 3901 genus
575 3827 733 3892 homiuum,
753 3831 799 3900 qui
824 3827 934 3879 ¹retibus
946 3846 981 3878 ex
993 3829 1070 3880 tereti
1081 3842 1108 3880 et
1119 3824 1236 3879 rotundo
1247 3826 1312 3878 fune
1332 3846 1398 3878 con·

237 3913 319 3985 gpnio
337 3909 493 3984 indulgent,
516 3911 550 3968 aa
572 3912 637 3964 vini
658 3911 798 3983 generosi,
834 3910 926 3980 textit.¹
946 3909 981 3966 56
1001 3908 1122 3968 Sabellus
1136 3910 1288 3982 proquovis
1300 3927 1376 3981 apro.
