2842 4750
217 284 291 362 108
600 305 639 375 Q.
692 250 970 364 uouebu

314 433 426 536 Quo,
447 433 587 526 Musa,
610 434 766 515 tendis?
792 438 923 516 desine
949 440 983 492 ⁵⁶
1006 441 1190 545 pervicax

364 559 528 636 Referre
552 589 744 640 sermones
768 550 973 660 Debrum‚
1000 570 1034 637 ⁵7
1056 587 1096 645 et

378 708 380 713 ’
413 690 560 792 Magna
581 691 705 767 modis
727 708 886 770 tenuare
912 696 1052 799 parvis.

252 826 419 897 teneatue,
438 830 519 884 Musa
529 828 671 885 licentiosa
679 847 708 886 et
724 850 777 886 au·
848 825 882 898 57
895 826 931 878 Et
943 824 1036 879 desine
1047 844 1090 880 ree
1099 823 1200 899 amplae
1212 823 1307 898 lyricis
1315 845 1376 895 moq

206 908 289 980 ulex,
308 911 420 981 referre,
438 927 492 966 etc·
812 908 993 969 dulationibue
1006 923 1174 991 extenuare*
1360 918 1362 923 “

371 1105 478 1198 Au,
518 1108 964 1186 cnuurorru.
1017 1084 1219 1186 ode'rv.

240 1306 450 1383 Musarum
474 1315 689 1409 prcesidi0‚
716 1318 738 1384 ὲ
763 1311 950 1413 perieulis
979 1326 1151 1409 ereptum
1176 1335 1222 1382 se
1248 1308 1350 1383 dicu
1359 1319 1375 1394 ,'

391 1438 608 1537 eodemque
630 1457 752 1513 tutum
776 1464 928 1539 semper
939 1436 1032 1535 sore
1055 1452 1192 1536 sperat.

314 1653 329 1690 ¹
352 1599 652 1718 Desertor
678 1659 695 1695 ²
719 1642 844 1736 eoelo,
871 1658 910 1719 et
929 1642 993 1718 die
1018 1668 1090 1744 age
1112 1636 1212 1716 tibin

314 1762 467 1867 Regina
492 1766 677 1870 longum,
705 1768 908 1871 Calliope,
933 1764 1080 1858 melos,
1156 1808 1184 1881 -ι

365 1889 442 1965 Seu
464 1919 558 1969 voce
581 1921 685 1968 nune
708 1893 833 1969 mavis
854 1908 999 1982 acuta,

413 2015 492 2090 Seu
516 2015 684 2110 fidibus,
713 2016 913 2092 citharave
938 2013 1095 2092 Phoebi.

313 2137 332 2189 3
354 2141 541 2221 Auditis?
568 2171 620 2220 en
641 2131 831 2253 meludit
852 2139 1035 2243 amabilis

314 2265 502 2347 Insania?
529 2287 547 2336 4
568 2270 733 2363 audire,
759 2285 800 2346 et
820 2269 956 2346 videor
978 2265 1061 2372 pios

362 2391 502 2470 Errare
525 2423 595 2498 per
615 2396 749 2489 lucos,
775 2391 940 2471 amoenae

415 2518 518 2617 Quos
542 2535 580 2594 et
603 2548 716 2623 aquae
741 2522 757 2570 5
780 2518 973 2609 subeunt,
1002 2532 1041 2591 et
1063 2542 1180 2591 eurae.

314 2640 332 2688 ⁶
350 2640 419 2714 Me
443 2626 654 2736 fabulosae,
676 2644 845 2723 Vulture
869 2645 913 2720 in
936 2637 1118 2748 Appu10‚

312 2763 478 2841 Altrieis
497 2786 605 2848 extra
630 2771 752 2848 limen
778 2771 962 2873 Apuliae,

361 2892 475 2970 Ludo
499 2877 783 3004 fatigeturnque
806 2926 938 2977 somno

342 3033 346 3038 ’
410 3019 564 3097 Fronde
587 3052 688 3101 nova
710 3052 875 3129 puerum
897 3021 1101 3128 palumbes

252 3217 264 3251 ι
287 3200 363 3255 Ordo
381 3218 443 3257 eet:
466 3205 492 3259 Ο
515 3208 616 3281 Regina
631 3207 773 3283 Calliope,
809 3209 942 3264 incolunt.
963 3204 1148 3279 5Quoelueoe
1163 3198 1373 3278 equaejncundae

209 3278 347 3361 descende
361 3283 395 3338 de
409 3286 499 3353 coelo,
520 3305 548 3343 et
563 3308 627 3364 age,
643 3290 687 3346 die
707 3292 775 3345 tibia
809 3292 1005 3367 praeterfluunt,
1022 3290 1093 3344 etin
1106 3286 1202 3362 quibue
1221 3301 1302 3360 gretae
1317 3285 1374 3358 epi·

210 3360 323 3435 longum
342 3367 457 3435 melos,
482 3371 513 3425 id
531 3387 570 3426 eet
589 3412 598 3439 ‚
620 3373 729 3447 longam
748 3385 776 3428 et
810 3390 965 3428 ranteuree.

208 3465 320 3502 suavem
339 3450 512 3508 cantilenam.
533 3474 550 3509 2
562 3455 673 3509 Habent
687 3457 774 3511 Musae
844 3459 863 3511 6
881 3456 956 3510 Ordo
970 3470 1010 3509 eet
1025 3469 1053 3509 et
1063 3454 1214 3508 sententie:
1229 3448 1374 3504 Palumbee

210 3531 396 3587 etiameedem
406 3536 530 3605 incaelo,
543 3552 574 3592 ut
585 3537 738 3593 Jovisfiliae.
778 3597 780 3601 ,
809 3538 935 3595 fabulose
955 3538 984 3593 id
995 3553 1052 3604 est,
1066 3534 1204 3611 palumbes
1218 3532 1252 3587 de
1275 3530 1378 3605 quibu}

246 3614 393 3673 5sodales
419 3622 497 3687 mei,
522 3621 657 3697 numquid
676 3620 774 3676 auditis
809 3624 897 3680 Po'etoe
912 3622 999 3678 multa
1013 3620 1181 3684 fabulantur,
1196 3637 1241 3671 me
1257 3633 1374 3690 puerum

210 3697 353 3774 Calliopen
362 3719 504 3758 canentem
513 3728 521 3771 ς
531 3725 566 3761 an
575 3726 619 3760 me
630 3706 698 3761 fallit
706 3715 774 3780 poe-
807 3705 873 3762 ludo
880 3708 1019 3782 fatigatum
1027 3704 1260 3760 etsomnovictnm
1268 3717 1371 3763 τριετεῖ

207 3782 263 3834 tice
283 3785 409 3840 insanie?
432 3798 449 3855 4
471 3788 573 3844 Videor
591 3790 659 3844 mihi
679 3788 772 3844 audire
808 3781 1374 3866 eteooperuerenovafrende‚idest‚fronde

210 3867 370 3941 Calliopen,
384 3871 508 3946 quodque
517 3875 575 3947 ipse
586 3872 710 3927 discurrit
723 3892 772 3947 per
806 3877 908 3929 recenti
916 3889 943 3929 et
951 3871 1042 3938 viridi,
1051 3874 1082 3924 in
1091 3868 1203 3924 Vulture
1209 3867 1329 3941 Appula,
1341 3865 1374 3920 id

209 3945 284 4004 lucos
300 3954 376 4029 pios,
390 3953 485 4027 idest,
498 3975 546 4030 per
556 3955 631 4011 lucos
641 3975 707 4029 qnos
721 3958 770 4011 Dii
806 3970 861 4030 eet,
879 3959 910 4012 in
923 3955 1036 4013 Vulture
1050 3968 1144 4010 monte
1154 3950 1278 4027 Apuliee,
1295 3964 1374 4006 extre
