2842 4750
253 301 935 406 annus‘usuurrus3btc.
1097 342 1174 405 ιιι

49 466 228 528 TERTIUM
249 489 375 550 genus,
395 479 430 528 nt
449 465 522 527 Ode
539 465 572 526 ὅ.
588 487 658 548 qnae
681 477 730 524 est
745 463 866 525 dicolos
883 465 1075 548 distrophos.
1101 472 1175 531 Pri·

17 593 80 632 mus
97 576 232 657 quisque
252 595 366 635 versus
387 572 630 635 Choriambicus
656 568 834 653 Glyconius
854 571 998 632 trimeter
1017 574 1174 636 acatalec-

20 691 83 752 tus,
100 691 250 741 constans
264 679 283 742 b
299 672 465 762 spondeo,
479 674 664 738 choriambo
678 721 688 751 ,
705 689 738 738 et
750 675 961 759 pyrrhichio,
979 676 1032 741 sel
1043 681 1147 742 iambo
1163 726 1174 756 ,

21 783 81 846 tic:
213 855 222 870 .

111 898 166 956 Sic
187 908 258 955 ten
278 894 353 956 diva
371 908 560 975 potens-vv·
588 895 744 976 Cypriis--

54 1024 217 1087 Secundus
236 1047 314 1088 vero
335 1027 493 1113 quisque,
518 1026 783 1098 Choriamhicus,
804 1026 1054 1111 Ascelepiadeus
1076 1042 1176 1090 tetra-

23 1146 111 1193 meter
130 1131 348 1206 acatalectus‘,
369 1133 387 1195 ir
407 1131 576 1216 spondeo,
601 1132 725 1194 duobus
750 1132 967 1209 choriambis,
993 1148 1026 1197 et
1046 1138 1177 1219 pyrrhi·

26 1238 104 1313 thio,
125 1236 181 1302 vel
200 1239 334 1312 iambo,
353 1238 423 1300 sic:
1122 1226 1126 1237 ⁸

112 1373 167 1433 Sto
179 1371 282 1454 snt·-
295 1381 355 1430 tres
376 1370 590 1431 Helenae-vv·
614 1369 719 1447 lucida
738 1372 841 1431 εἰ-νν-
853 1369 977 1434 deraso

198 1540 204 1547 ·
382 1503 484 1564 Tertii
507 1504 635 1586 generis
661 1502 741 1565 Odae
769 1524 818 1564 ra.

78 1610 105 1671 Ι.
126 1609 158 1672 3.
185 1610 237 1672 ιδ.
262 1628 311 1689 ¹9·
333 1609 387 1672 36.
413 1610 478 1671 111.
501 1629 534 1689 9.
562 1610 611 1671 rb.
640 1630 689 1691 ¹9·
715 1612 768 1685 24.
793 1609 845 1672 25.
867 1609 919 1673 28.
945 1613 1005 1675 tv.
1035 1633 1063 1673 t.
1086 1613 1119 1675 3.

63 1762 249 1856 Quaarmu
273 1794 398 1859 genus,
435 1786 471 1836 nt
498 1773 571 1837 ode
595 1775 625 1849 4.
655 1795 723 1858 quae
758 1789 807 1836 est
834 1775 954 1838 dicolos
984 1777 1182 1861 distrophos·

33 1878 140 1945 Primus
161 1878 300 1968 quisque
324 1900 435 1945 versus
452 1882 708 1965 est‘Dactyliens
734 1881 958 1971 Archilochius
980 1883 1182 1968 heptameter

34 1994 235 2067 acatalectus,
260 2007 407 2055 constans
432 1996 451 2055 h
475 2006 612 2078 quatuor
634 1992 746 2075 primis
768 1991 904 2075 pedihus
930 1991 1102 2076 spondeis,
1127 1994 1183 2055 vel

34 2097 171 2185 dactylis,
194 2101 447 2177 indifferenter,
472 2117 508 2164 nt
526 2105 559 2164 in
580 2120 677 2165 versu
701 2104 844 2165 Heroico
864 2124 875 2166 t
899 2102 1016 2166 deinde
1039 2103 1182 2167 etribus

35 2207 185 2284 trocheis,
212 2210 266 2272 vel
287 2209 430 2293 spondeo
454 2208 593 2282 ultimo,
615 2210 686 2272 sic:
759 2203 761 2207 ’

35 2339 206 2407 Saluitto-vv
223 2345 304 2404 acris
319 2342 484 2406 Iti-vuemo
496 2353 632 2425 gra--ta
650 2344 777 2404 vioe-vv
793 2343 829 2405 V
823 2344 920 2403 eris-v
931 2356 961 2404 et
972 2344 1061 2406 Fas-v
1071 2348 1183 2405 voni--

67 2468 226 2534 Secundus
250 2486 328 2533 vero
353 2447 488 2555 quisque
502 2480 562 2564 ⁸est
584 2467 837 2542 Archilochius,
862 2484 1008 2533 constans
1034 2493 1076 2533 ex
1100 2494 1183 2555 pen-

37 2573 208 2640 themimere
237 2579 395 2652 iambica,
426 2577 461 2650 id
491 2590 561 2650 est,
592 2598 635 2639 ex
664 2577 771 2640 iambo
793 2575 846 2639 vel
876 2579 1018 2660 spondeo
1046 2578 1182 2654 ultimo,

36 2682 144 2760 iambo,
165 2700 199 2749 et
218 2684 359 2767 syllaba,
381 2682 498 2746 deinde
515 2683 646 2745 etrihns
670 2683 842 2757 trochaeis,
863 2683 916 2744 vel
925 2685 1093 2774 spondeo,
1113 2688 1183 2751 sica

130 2817 317 2881 ttahunta-
342 2838 400 2898 que
421 2817 466 2875 sic
475 2838 513 2877 ν·
526 2835 605 2878 caa-
628 2815 838 2877 moclti-vnoe
858 2819 1082 2880 cst-vrinae..

321 2959 324 2966 ‘
373 2950 487 3032 Quarti
510 2951 638 3034 generis
662 2949 735 3014 Ode
757 2959 864 3013 una.‘
910 2943 912 2946 ’

37 3030 61 3091 t.
78 3036 108 3110 4.

70 3167 248 3246 QUINTUM
268 3187 394 3253 genus,
421 3181 458 3232 ut
479 3166 551 3231 Ode
572 3169 602 3229 5.
625 3188 694 3251 quae
715 3180 765 3229 est
786 3167 916 3229 tricolos
939 3171 1181 3253 tetrastrophos.

38 3267 122 3333 Primi
142 3276 261 3361 quique
276 3276 340 3337 duo
354 3296 466 3337 sersus
481 3288 555 3335 sunt
571 3273 794 3356 Asclepiadei,
808 3275 915 3357 ,qualis
934 3275 1008 3350 ille,
1024 3280 1184 3340 Maecenas

38 3385 123 3441 atavis
140 3385 219 3444 edite
237 3387 367 3468 regibus.
390 3385 593 3448 scanduntur
615 3388 701 3447 enim
723 3385 794 3448 sic:

131 3522 208 3600 Quis
229 3523 336 3583 mad·-
350 3537 384 3584 ta
403 3524 608 3605 gracilis-vv·
631 3536 753 3603 sepner
774 3525 886 3583 itt-vv·
908 3544 980 3583 rosa
989 3546 1028 3585 v·
1052 3563 1056 3570 ·

125 3634 271 3715 Persian
284 3658 336 3696 aus
358 3635 564 3717 lapicidis-vv·
588 3646 674 3715 urget
695 3633 831 3694 odo-vv·
841 3632 925 3693 ribus
935 3656 975 3695 vv

70 3760 191 3827 Tertius
220 3779 325 3829 autem
351 3769 485 3852 quisque
512 3779 561 3828 est
589 3767 815 3828 Pherecratius
847 3767 1008 3827 Heroicns
1039 3768 1184 3834 trimeter

40 3866 240 3942 acatalectns,
261 3884 408 3933 constans
431 3872 454 3947 ὲΙ
472 3869 639 3952 spondeo,
665 3868 790 3954 dactylo
814 3884 847 3933 et
868 3870 1034 3952 spondeo,
1051 3873 1122 3934 sic:

134 3978 280 4038 Graton
305 3979 431 4057 Pyrrha
452 3977 570 4038 sub-vv
591 3989 724 4043 anm·-
800 4039 804 4044 .
