2842 4750
231 330 280 386 ro
604 330 642 402 a
695 329 971 385 uonsrrr
1075 352 1079 357 -

278 446 354 521 Seu
372 463 504 548 poseat
519 473 689 549 aguam,
715 446 797 522 sive
815 447 927 522 malit
945 447 1111 524 haedum.

226 568 419 644 21Pallida
429 586 566 648 mors²²
576 571 1391 678 aequopulsatpedepauperum²3tabernas‚

275 698 508 802 Regumque
527 714 659 777 turres.
688 703 723 776 O
742 699 855 777 beate
875 702 1005 793 Sexti,

228 835 263 887 ²4
277 822 382 900 Vitae
394 850 544 898 summa
558 822 686 900 brevis
699 852 805 925 spem
817 846 883 900 nos
900 841 1006 901 vetat
1017 824 1199 902 inchoare
1214 824 1386 930 longam.

277 951 310 1002 2⁵
333 952 427 1027 dam
444 969 479 1026 te
495 969 644 1054 premet
660 982 760 1046 nox,
777 954 812 1004 2⁶
829 952 1049 1057 fabulaeque
1067 981 1226 1044 manes,

225 1076 276 1153 Et
291 1077 427 1151 domus
439 1092 474 1141 ²7
488 1076 598 1154 exilis
615 1077 797 1154 Plutonia
813 1108 822 1154 ε
839 1077 874 1128 ²8
890 1107 966 1180 quo
980 1078 1096 1154 simul
1113 1078 1280 1169 metiris,

278 1215 312 1266 ²9
330 1201 367 1279 N
371 1227 414 1274 ec
433 1228 551 1303 regna
568 1201 651 1277 vini
669 1202 825 1278 sortiere
843 1202 876 1252 30
893 1188 1006 1295 talis,

230 1327 315 1403 Nec
326 1327 540 1401 tenerum&
550 1308 1195 1430 Lycidammirabere‚32quoealet
1206 1324 1390 1425 juventus

281 1451 319 1523 N
323 1450 397 1523 unc
414 1451 562 1543 omnis,
587 1470 625 1527 et
641 1451 673 1503 33
690 1481 781 1527 mox
796 1452 965 1553 virgines
981 1449 1177 1552 tepebunt.

230 1596 452 1664 hadum‚utrum
461 1600 572 1654 mavult.
583 1619 613 1654 ar
626 1602 700 1655 Mors
709 1601 792 1675 palli·
827 1601 862 1654 ob
878 1619 970 1654 manes
987 1599 1070 1654 exiles
1087 1599 1143 1653 illic
1155 1598 1329 1666 habitantes,
1345 1600 1389 1673 qui

232 1679 282 1732 (los
303 1682 393 1736 ellicit.
417 1701 451 1735 aa
470 1682 655 1738 indifferenter
671 1700 699 1739 et
717 1703 792 1757 aque
826 1701 962 1759 aspectum
973 1684 1111 1738 oculorum
1121 1683 1247 1755 lugiunt,
1264 1704 1316 1737 nec
1325 1703 1387 1757 pos-

231 1764 335 1817 fortiter
360 1768 511 1841 principum
533 1768 601 1821 fores
620 1783 698 1842 atque
721 1787 792 1841 pau·
828 1764 1271 1838 suntcircumscribi.28Adquam
1281 1766 1389 1819 domum

232 1864 325 1917 perum
339 1866 411 1902 cusas
420 1849 515 1922 pulsat.
534 1850 568 1903 23
582 1853 684 1904 Domos
696 1849 792 1903 humi·
827 1849 906 1903 simul
922 1869 953 1903 ac
972 1850 1135 1922 migraveris.
1152 1867 1186 1920 29
1197 1849 1266 1902 Non
1282 1851 1333 1903 eris
1344 1848 1388 1900 bi-

232 1926 321 1984 liores.
827 1931 910 1986 bentii
923 1934 1063 2003 magister,
1077 1932 1120 1984 eui
1131 1933 1308 1984 constituenti
1321 1929 1390 2002 leges

278 2023 311 2078 24
340 2014 426 2068 Breve
453 2017 514 2068 vite
541 2016 655 2090 spatium
684 2013 792 2088 longam
827 2016 857 2067 in
869 2016 997 2066 conviviis
1007 2031 1200 2085 omnesparere
1209 2032 1323 2066 necesse
1333 2013 1391 2065 erit.

233 2113 337 2168 sperare
349 2099 431 2150 vitam
447 2116 498 2150 nos
509 2112 589 2151 vetat.
608 2099 641 2151 25
657 2097 753 2151 Statim
766 2113 793 2151 te
828 2095 999 2152 boTalorum
1008 2098 1088 2168 jactu.
1099 2098 1212 2149 Veneris
1222 2100 1299 2150 enim
1309 2097 1389 2166 jactus

233 2182 364 2252 opprimet
382 2200 472 2247 mors,
487 2200 545 2254 quae
563 2180 709 2235 secundum
722 2183 793 2254 Epi·
828 2201 918 2255 regem
928 2182 983 2234 vini
994 2179 1134 2233 efficiebat.
1147 2179 1177 2230 31
1191 2178 1312 2233 Puerum
1323 2173 1389 2229 mol-

232 2280 348 2329 cureos‚
367 2264 436 2318 nihil
453 2264 536 2319 habet
550 2281 646 2339 praeter
660 2264 793 2319 tenebras.
829 2264 884 2319 lem
897 2279 924 2318 et
945 2262 1126 2317 delicatulum.
1145 2262 1179 2313 32
1197 2261 1284 2335 Cujus
1304 2277 1388 2315 amore

234 2344 270 2399 26
278 2348 297 2400 F
299 2346 399 2402 abulosi
409 2347 505 2415 inferi,
519 2349 553 2403 de
562 2350 656 2424 quibus
669 2365 695 2403 et
704 2348 792 2404 Poe'toe
826 2350 936 2420 juvenes
953 2367 1027 2402 nunc
1038 2346 1141 2400 ardent.
1161 2345 1195 2399 33
1208 2347 1265 2401 Ubi
1277 2342 1389 2419 Lycidas

233 2444 262 2482 et
282 2430 436 2504 Philosophi
452 2449 506 2487 tarn
528 2434 613 2487 multa
630 2432 791 2487 fabulantur.
828 2429 999 2494 adoleverit,
1025 2431 1140 2502 virgines
1164 2431 1220 2502 ejus
1247 2426 1390 2503 complexu

233 2528 267 2582 27
281 2514 385 2567 Domus
398 2518 486 2568 tenuis
501 2532 528 2569 et
543 2534 642 2588 parva,
665 2519 703 2570 sic
722 2513 793 2566 dicta
829 2514 938 2585 cupient
951 2514 1040 2585 potiri.

441 2709 534 2783 AD
587 2708 966 2786 PYRRHAM.
1020 2643 1104 2783 Ode
1131 2708 1183 2786 V.

232 2911 403 2985 Miseros
429 2937 512 2984 esse
535 2919 604 3013 qui
629 2914 738 2985 illias
763 2938 898 2984 amore
923 2928 1157 2982 teneantur:
1180 2935 1221 2982 se
1243 2936 1296 2982 ex
1319 2930 1392 2992 eo,

458 3052 646 3136 tanquam
669 3040 691 3107 ὲ
716 3034 954 3132 naufragia,
982 3052 1169 3107 enatasse.

332 3186 490 3347 ¹Quls
514 3227 638 3303 multa
660 3218 815 3331 gracilis
839 3243 876 3302 te
899 3254 995 3329 puer
1015 3227 1058 3300 in
1077 3249 1162 3299 rosa

330 3368 347 3403 ²
372 3352 553 3428 Perfusus
577 3351 738 3454 liquidis
763 3366 874 3450 urget
899 3346 1080 3422 odoribus

381 3477 524 3568 Grato,
555 3472 733 3576 Pyrrha,
760 3471 832 3548 sub
859 3471 874 3521 3
896 3479 1037 3548 antro?

276 3668 287 3700 ι
309 3646 335 3699 Ο
349 3642 468 3718 Pyrrha,
486 3643 545 3714 quis
555 3658 629 3713 puer
652 3653 747 3693 tenero
766 3652 793 3693 et
827 3656 887 3709 quse
906 3632 1000 3689 odores
1017 3632 1169 3688 effundunt.
1197 3632 1263 3688 3111
1289 3631 1395 3687 fornice

227 3729 325 3805 ,gracili
335 3744 445 3799 corpore
459 3764 467 3791 ‚
485 3723 513 3777 id
531 3719 590 3788 est,
610 3724 668 3795 quis
682 3719 793 3774 adoles·
828 3719 872 3774 vel
880 3719 1000 3791 lupanari
1007 3719 1069 3784 ,ubi
1083 3719 1236 3771 meretrices
1245 3715 1394 3790 aliquando

234 3833 299 3867 cens
315 3812 384 3865 retati
398 3807 493 3882 puerili
506 3807 641 3880 proximus
656 3820 682 3858 te
702 3802 794 3857 multis
828 3802 967 3867 latebant,
1001 3817 1031 3856 ut
1062 3800 1164 3855 alienos
1195 3801 1288 3855 oculos
1308 3802 1338 3853 in
1359 3816 1390 3851 re

233 3897 265 3947 in
275 3896 339 3948 rosis
351 3906 444 3965 urget,
463 3890 492 3944 id
502 3905 542 3944 est
552 3930 561 3954 ‚
580 3904 651 3943 arcte
664 3886 794 3960 avideque
828 3884 954 3958 pudenda
965 3884 1104 3958 fugerent,
1118 3883 1262 3959 aliquando
1273 3898 1389 3958 prostra-

229 3976 420 4051 amplectitur?
439 3993 456 4030 a
472 3974 615 4029 Delibutus
635 3971 795 4044 unguentis,
829 3967 896 4024 bant
905 3967 1039 4042 impudice
1050 3966 1254 4042 adcapttndam
1263 3964 1391 4041 predam·
