2842 4750
354 324 605 378 aronou
658 323 865 377 arara.
1112 325 1189 404 -207

124 453 200 541 Hie
226 467 261 518 4ο
284 450 511 528 inresectum
537 479 640 529 saeva
664 451 780 526 dente
806 446 930 528 livido

177 578 346 654 Canidia
368 580 507 655 rodens
527 579 737 682 pollicem,

124 704 230 805 Quid
251 705 381 784 dixit?
407 723 476 781 aut
496 706 593 810 quid
617 706 771 791 tacuit?
796 719 829 773 4¹
853 707 889 782 Ο
910 704 1024 781 rebus
1042 706 1138 783 meis

175 830 265 905 Non
286 829 463 907 infideles
485 847 520 898 42
542 831 727 923 arbitrae,

125 952 237 1045 Nox,
262 970 300 1028 et
322 954 356 1019 43
378 956 537 1049 Diana,
563 986 651 1061 quae
669 955 869 1035 silentium
889 954 1014 1059 regis,

177 1091 213 1142 44
235 1079 394 1153 Arcana
417 1106 506 1155 oum
529 1079 629 1157 fiunt
652 1106 788 1168 saera,

127 1197 270 1290 Nune,
293 1228 397 1274 nune
421 1200 580 1279 adeste:
598 1229 703 1277 nuno
726 1201 760 1266 4⁵
784 1199 829 1275 iu
851 1197 1006 1278 hosti-les
1031 1203 1163 1280 domos

176 1321 306 1411 Iram,
333 1338 450 1425 atque
476 1349 622 1398 numen
649 1321 801 1398 vertite.

126 1444 161 1504 46
184 1441 454 1519 Formidolosis
478 1444 573 1519 dum
594 1444 719 1519 latent
739 1441 847 1520 silvis
869 1442 990 1537 ferae,

178 1565 300 1657 Dulci
324 1595 455 1672 sopore
483 1569 710 1674 larrguidae3

124 1704 160 1756 47
185 1689 324 1766 Senem
347 1692 483 1795 (quod
507 1720 640 1770 ornnes
661 1692 846 1794 rideant)
870 1693 1089 1777 adulterum

176 1818 338 1896 Latrent
360 1822 395 1886 48
420 1820 645 1898 suburranae
670 1849 811 1915 canes,

125 1957 161 2009 49
181 1944 218 2018 N
222 1943 314 2020 ardo
336 1963 595 2046 perunctum,
622 1946 739 2051 quale
762 1973 840 2022 non
861 1947 1076 2050 perfectius'

178 2068 283 2143 Mem
306 2068 532 2147 laborarunt
555 2099 705 2151 manus.

126 2192 160 2243 55
185 2193 291 2293 Quid
314 2196 490 2276 accidit?
519 2224 587 2273 our
614 2198 699 2303 dira
725 2185 902 2273 barbarae
922 2192 1051 2274 minus

178 2318 347 2397 Venena
364 2323 529 2400 Medeae.
542 2323 703 2430 valent,

127 2443 281 2548 Quibus
299 2448 334 2500 ⁵1
358 2449 564 2552 superbam
587 2451 689 2554 fugit
713 2448 795 2525 ulta
817 2421 1027 2554 pellicem,

176 2567 316 2671 Magni
340 2572 515 2648 Creontis
540 2572 696 2665 filiam,

80 2731 85 2742 ·
128 2690 232 2766 Cum
249 2693 282 2741 ⁵2
301 2693 431 2795 palia,
460 2695 551 2773 tabo
573 2721 714 2773 munus
734 2695 957 2790 imbutum,
985 2725 1129 2777 novam

68 2875 101 2932 4ο
115 2870 242 2946 Unguem
255 2873 359 2947 pollicis
371 2896 429 2944 nort
441 2883 590 2949 reiectum
626 2882 780 2934 meretrices
786 2877 914 2947 sacratur,
922 2898 1002 2953 quem
1008 2884 1189 2939 omneretiam

40 2964 96 3002 nam
113 2954 239 3010 mulieres
260 2961 386 3015 veneficae
405 2982 508 3036 ungues
530 2983 591 3018 auor
626 2963 755 3031 rideant,
776 2978 883 3037 propter
905 2963 1051 3035 iuvenilem
1072 2968 1102 3017 in
1124 2986 1190 3023 eene

40 3035 152 3090 nutriunt
167 3078 175 3106 ,
200 3060 257 3095 uon
281 3060 394 3111 secant,
412 3049 510 3120 quippe
533 3066 591 3120 quae
627 3064 756 3101 amorem.
774 3048 808 3112 48
822 3044 938 3099 Saburra
947 3045 1021 3099 locus
1035 3062 1074 3099 est
1083 3048 1113 3101 in
1124 3049 1191 3105 urbe

41 3129 90 3168 non
99 3121 188 3176 minue
197 3143 306 3198 corpore
315 3145 395 3201 quam
403 3129 494 3181 animo
503 3143 592 3202 turpes
627 3131 728 3196 Roma,
740 3131 786 3202 qui
799 3130 869 3181 inter
880 3127 1012 3201 Esquilias
1021 3144 1049 3182 et
1059 3130 1190 3187 Vimina-

40 3211 96 3251 eunt
106 3218 132 3256 et
144 3203 286 3263 deformer.
303 3219 336 3277 ⁴i¹
354 3212 421 3265 Hac
433 3210 559 3266 dicuutur
576 3213 592 3266 d
626 3209 681 3265 lem
695 3213 765 3282 jacet
775 3250 784 3274 ‚
797 3212 968 3265 meretricum
982 3211 1065 3265 i'erax.
1078 3213 1192 3286 49144-

40 3276 161 3354 Canidia‚
178 3288 207 3342 0
220 3293 299 3346 rebus
312 3301 400 3360 racis,
415 3311 467 3349 erc.
481 3306 517 3363 42
528 3297 593 3351 Non
628 3308 728 3368 guento
742 3290 864 3346 Nardino
874 3309 1042 3365 perunctum.
1058 3295 1091 3349 50
1103 3296 1193 3351 Mira·

41 3359 153 3423 infideles
162 3386 253 3428 tester.
266 3376 302 3443 43
312 3375 390 3433 Luna
399 3379 536 3439 silentium
545 3400 593 3435 re-
629 3390 672 3429 rur
685 3375 818 3443 Canidia,
835 3394 883 3429 cur
900 3393 1004 3430 venena
1023 3382 1191 3452 praestantis-

41 3459 96 3513 gere
112 3450 229 3524 dicitur,
246 3462 308 3533 qnia
325 3481 381 3517 nox
393 3465 526 3517 taciturna
543 3478 593 3519 eet.
629 3461 697 3513 eima
706 3499 715 3528 ,
725 3480 783 3533 quae
793 3462 823 3513 iu
835 3461 936 3512 Varum
946 3459 1121 3529 adhibuerat,
1133 3453 1196 3515 mi«

41 3535 72 3593 44
89 3534 163 3589 Dum
180 3556 313 3596 nocturna
331 3545 474 3600 mulierum
491 3546 595 3601 sacrifi·
630 3564 682 3599 nur
692 3545 829 3611 valerent,
842 3563 923 3618 quam
939 3563 971 3598 ea
986 3545 1081 3618 quibus
1093 3563 1139 3599 ura
1152 3555 1194 3601 aet

43 3611 96 3679 ⁰5⁸2
110 3636 156 3672 seu
171 3625 259 3694 potius
272 3626 404 3682 maleficia
417 3629 593 3685 celebrantur.
630 3628 729 3683 Medea
750 3633 780 3683 in
801 3629 929 3685 Creiiranr
951 3628 1075 3683 Creontis
1097 3629 1189 3683 filiam.
1244 3693 1249 3700 ἡ

41 3695 72 3756 45
81 3698 109 3751 iu
119 3703 222 3759 Varum
235 3727 340 3779 renem,
353 3716 399 3785 qui
410 3731 454 3766 rne
465 3730 595 3786 asperna-
631 3713 662 3766 51
679 3713 806 3767 Creiiram
818 3728 956 3788 potentem
966 3726 994 3765 et
1006 3711 1110 3784 superbi
1123 3714 1194 3789 regia

42 3787 98 3844 ‘¹²¹2
122 3787 178 3841 vim
202 3806 317 3846 vestram
343 3792 463 3848 divinam
488 3798 593 3851 vertite.
630 3794 723 3849 filiam.
737 3796 771 3849 52
787 3796 860 3851 Palla
871 3810 1000 3870 accepta,
1014 3794 1112 3847 Greisa
1127 3811 1193 3845 cum

41 3859 73 3922 46
85 3857 183 3923 Noctu.
203 3883 237 3946 47
256 3876 294 3930 Ur
305 3879 407 3931 Varum
423 3893 595 3933 scortatorem
630 3894 687 3933 rota
714 3880 838 3937 Creontis
859 3879 932 3954 regit
958 3874 1045 3935 subito
1065 3873 1196 3957 ineundi·

43 3972 118 4015 emer
133 3961 259 4019 allatrent
272 3962 303 4016 ia
322 3960 437 4022 suburra
446 4002 456 4038 ‚
475 3960 541 4018 dam
557 3962 596 4021 ibi
632 3962 821 4038 conflagravit,
