2842 4750
295 261 642 360 sunno-nun
692 285 805 341 u1n.
857 290 913 341 11.
1112 271 1188 352 335

25 426 133 517 Sunt,
145 418 524 527 quorumingenium
538 442 640 493 nova
650 416 841 491 tantum⁶1
853 417 1020 495 crustula
1032 423 1189 522 promit.

25 552 58 602 ⁶²
72 553 335 657 Nequaquam
351 546 444 624 satis
465 546 507 622 in
526 573 568 623 re
591 573 669 623 una
690 573 916 622 consumere
940 575 1099 626 curam:

25 679 79 754 Ut
96 678 128 755 si
148 676 235 781 quis
249 676 373 753 solum
388 674 421 726 ⁶3
436 672 533 768 hoc,
551 673 656 750 mala
670 702 719 750 ne
734 674 811 751 sint
824 675 944 768 vina,
964 674 1141 778 laboret,

27 801 146 904 Quali
163 801 372 906 perfundat
388 799 512 904 pisces
528 802 563 867 ⁶4
578 828 735 877 securus
751 799 867 879 olivo.
908 813 912 828 ‘

25 925 59 974 ⁶⁵
78 924 249 1001 Massica
271 923 302 1002 si
323 921 420 999 coelo
440 950 630 1028 supponas
649 924 744 1001 vina
764 950 924 1017 sareno;

25 1050 252 1141 Nocturna,
273 1047 305 1126 si
327 1047 426 1152 quid
444 1048 560 1126 crassi
580 1063 663 1142 est,
686 1046 912 1125 tenuabitur
931 1074 1050 1143 aura,
1132 1131 1134 1136 ⁴

25 1174 76 1249 Et
93 1174 260 1249 decedet
277 1173 371 1250 odor
386 1172 518 1251 nervis
533 1173 742 1267 inimicus3
765 1174 799 1223 66
818 1187 858 1247 at
875 1173 945 1251 illa
1025 1204 1028 1211 ·

24 1299 227 1403 Integrum
244 1300 415 1401 perdunt
430 1299 512 1377 lino
531 1302 564 1369 67
583 1300 723 1377 vitiata
739 1303 929 1401 saporem}
1033 1373 1036 1380 ,
1116 1308 1119 1320 ’

22 1428 256 1505 Surrentina
276 1428 389 1506 vafer
411 1429 480 1533 qui
499 1428 636 1504 miscet
653 1429 748 1503 faece
771 1427 938 1526 Falerna

22 1548 164 1645 Vina,
187 1552 412 1630 columbino
434 1554 469 1605 66
490 1551 632 1631 limum
653 1551 755 1628 bene
777 1551 929 1655 colligit
946 1579 1021 1629 ovo
1036 1612 1061 1648 ,,

21 1678 62 1745 69
78 1678 278 1779 Quatenus
293 1679 375 1756 ima
393 1679 491 1784 petit
508 1696 543 1749 70
558 1678 720 1757 volvens
734 1676 1050 1776 alienavitellus.

23 1802 158 1878 Tostis
174 1818 205 1869 7Ι
224 1822 467 1896 marcentem
483 1803 636 1910 squillis
651 1801 867 1895 recreabis,
889 1817 928 1877 et
940 1802 1041 1880 Afra
1063 1847 1065 1854 .

26 1926 213 2004 Potorem
231 1930 391 2008 cochlea
407 1965 420 2024 ;
436 1956 530 2006 nam
546 1943 580 1997 72
597 1927 754 2004 lactuca
771 1926 923 2004 innatat
940 1928 1025 2004 acri

26 2052 121 2131 Post
135 2053 276 2130 vinum
293 2056 505 2134 stomacho.
524 2058 651 2132 Perna
668 2053 813 2157 magis,
829 2081 876 2130 ac
893 2055 1018 2161 magis
1034 2051 1068 2123 73
1082 2053 1188 2138 hillis

25 2195 63 2248 74
85 2181 260 2285 Flagitat
279 2181 322 2258 in
337 2208 481 2259 morsus
496 2183 629 2274 refici;
652 2182 749 2285 quin
767 2183 899 2259 omnia
916 2179 1052 2278 malitj
1098 2203 1101 2213 ·
1161 2249 1163 2254 .

27 2306 303 2411 Quaecumque
319 2304 535 2383 immundis
552 2304 704 2384 fervent
720 2303 839 2384 allata
856 2307 889 2374 75
903 2306 1065 2411 popinis.

25 2431 97 2510 Est
114 2433 428 2536 operaepretium
445 2430 610 2535 duplicis
627 2441 853 2535 pernoscere
870 2431 966 2531 juris

26 2561 291 2640 Naturamr¹7⁶
309 2559 482 2663 Simplex
499 2563 520 2636 ὲ
538 2546 645 2634 dulci
662 2575 809 2635 constat
822 2558 952 2654 olivo,
972 2584 978 2613 2
1032 2610 1035 2617 ι

25 2686 149 2789 Quod
165 2685 303 2791 pingui
320 2686 483 2762 miscere
500 2713 610 2763 mero
626 2682 834 2788 muriaque
853 2684 1032 2781 decebit,

24 2826 62 2879 '77
79 2815 177 2889 Non
192 2810 273 2888 alia
283 2810 434 2914 ‚quam
451 2837 531 2915 qua
547 2810 740 2914 Byzantia
759 2811 907 2912 putruit
926 2810 961 2878 76
974 2838 1078 2891 orca.
1192 2878 1195 2885 .

25 2952 61 3006 79
81 2940 175 3014 Hoc
191 2934 262 3011 ubi
278 2935 483 3012 confusum
497 2937 532 2989 ³0
546 2936 659 3013 sectis
674 2935 867 3012 inferbuit
882 2921 1014 3012 herbis
1027 2994 1038 3028 ,

59 3106 99 3159 61
112 3102 259 3156 Placemus
265 3098 414 3154 adinvenit.
424 3099 460 3153 62
466 3100 531 3155 Non
540 3103 603 3154 satir
638 3101 736 3177 largius
751 3116 904 3175 sumptum,
924 3101 1020 3154 esitare
1035 3097 1168 3160 solebant.¹

26 3203 79 3244 est.
94 3187 135 3242 63
154 3185 182 3238 si
200 3183 254 3238 hoc
272 3198 349 3236 curet
364 3182 461 3237 solum.
481 3185 516 3251 64
538 3186 603 3238 Nou
674 3185 708 3256 73
721 3186 899 3238 Tenuissimis
911 3185 1046 3259 intestinis
1060 3205 1094 3239 ex
1109 3193 1203 3244 currui--¹

28 3266 143 3325 curans.
154 3267 191 3320 65
198 3270 271 3319 Vina
279 3268 418 3341 optimain
426 3283 519 3322 monte
527 3270 604 3321 Mas·
636 3265 688 3321 bus
700 3265 785 3320 suillis
795 3283 822 3321 et
833 3269 926 3323 arvina
940 3266 1026 3321 facus.
1037 3277 1070 3341 74
1082 3256 1203 3328 Conviva

30 3358 89 3408 eico
104 3366 183 3406 nata.
200 3351 272 3404 Vide
284 3349 339 3404 On
353 3370 374 3404 ι.
383 3350 433 3405 tib.
444 3370 463 3406 ι.
482 3352 520 3404 66
531 3354 604 3405 Vina
638 3367 771 3402 nauseans
778 3349 930 3417 vulneret,
938 3366 990 3404 etc.
1004 3351 1039 3422 75
1049 3354 1072 3407 E
1081 3357 1186 3430 popinis
1194 3349 1210 3424 ,¹

32 3435 165 3491 Marsica.
181 3435 216 3506 67
229 3436 327 3489 Linteo
338 3434 602 3509 sacculopercolata.
638 3451 698 3505 quae
713 3431 801 3487 solent
813 3451 870 3486 esse
882 3433 1039 3490 immundae.
1122 3454 1125 3461 ’
1208 3500 1213 3507 ,

69 3520 107 3581 68
117 3523 236 3575 Facem.
247 3517 285 3590 69
298 3520 436 3590 Quoniam
447 3521 477 3572 in
488 3517 604 3573 fundum
675 3515 711 3588 76
721 3513 844 3587 Simplex
854 3517 903 3587 jus.
920 3535 953 3588 77
965 3518 1030 3570 Nou
1038 3523 1130 3592 quavis
1139 3540 1204 3573 mu-

29 3600 138 3656 decidit
151 3599 268 3656 vitellus.
282 3620 317 3672 70
329 3601 477 3656 Deducens
490 3600 604 3655 alienat
639 3601 696 3666 ria,
710 3597 759 3652 sed
769 3617 817 3664 ea,
830 3616 899 3671 qua,
911 3615 963 3657 etc.
977 3603 1012 3674 78
1024 3601 1096 3656 Orca
1109 3619 1149 3657 est
1160 3624 1205 3657 vas

30 3700 132 3739 natura
142 3687 224 3750 vina,
233 3682 263 3736 id
272 3696 328 3749 est,=
341 3685 429 3740 faeces.
639 3681 723 3736 fictile
736 3681 1084 3756 Consmntinopolitanum‚
1099 3688 1205 3740 ventri-

67 3788 102 3840 7¹
118 3769 248 3820 Pototem
261 3766 434 3839 languentem
446 3768 548 3842 squillis
560 3787 606 3822 re-
640 3785 751 3832 cosum,
765 3782 793 3820 et
805 3785 851 3820 ore
861 3783 983 3840 angusto.

27 3849 150 3904 vocabis
172 3846 207 3899 ad
229 3846 365 3905 edendum
391 3867 420 3906 et
444 3851 603 3906 bibendum.
677 3869 715 3924 79
733 3852 836 3904 Vinum
856 3853 955 3925 pingue
977 3871 1039 3904 cum
1059 3854 1155 3906 muria.

28 3951 69 4005 72
93 3934 246 3988 Lactueam
266 3947 326 4003 post
349 3933 440 4007 epulas
464 3950 492 3991 et
511 3935 605 3990 vinum
684 3937 720 3992 80
741 3934 842 3994 ,Herbir
867 3936 993 3994 minutim
1020 3937 1155 4010 concisis,
1178 3951 1215 3997 et,
