2842 4750
265 369 724 432 rrtsronsausr
775 372 888 428 ιιι.
941 373 1001 427 ιι.
1136 361 1210 447 427

47 501 112 577 Nil
130 501 231 579 intra
254 503 480 595 estuleam‚
505 501 562 578 nil
583 518 691 577 extra
708 517 765 577 est
784 500 827 576 in
848 523 947 576 nuce
969 499 1069 576 duri.

44 624 78 675 ³⁸
95 628 289 706 Venimus
306 629 358 703 ad
374 655 570 705 summum
588 628 773 704 fortunar:
791 625 1010 728 pingimus,
1027 640 1146 725 atque

44 751 77 816 39
94 752 325 846 Psallimus‚
342 772 382 829 et
400 753 594 829 luctamur
615 750 784 828 Achivis
806 750 956 826 doctius
974 765 1010 814 4ο
1030 747 1170 825 unctis.

44 876 82 949 Si
101 875 265 952 meliora
280 894 312 943 4Ι
332 878 436 969 dies,
451 895 495 954 ut
512 878 606 954 vina
624 935 635 969 ‚
652 883 830 981 po‘e'mata
852 873 1007 966 reddit,
1129 961 1131 972 Α

43 999 309 1094 ὃοίιε,νθίἰιιι,
326 1019 360 1070 42
377 1003 706 1108 pretiumchartis
727 1004 868 1107 quotus
882 1015 1034 1103 arroget
1055 1021 1189 1086 annus.

42 1124 214 1227 Scriptor
236 1126 383 1203 abhinc
402 1143 696 1244 annos'centum
716 1127 751 1192 43
774 1126 843 1230 qui
864 1125 1032 1216 decidit,
1057 1122 1158 1198 inter

42 1248 259 1343 Perfectus,
275 1265 509 1355 veteresque
532 1252 667 1329 referri
692 1249 837 1329 debet?
858 1277 911 1325 an
930 1249 1032 1325 inter

40 1387 77 1437 44
99 1373 235 1466 Viles,
254 1391 378 1480 atque
404 1386 552 1455 novos?
576 1376 611 1442 4⁵
637 1373 820 1451 excludat
840 1372 967 1477 jurgia
992 1371 1092 1450 finis.

41 1497 76 1562 4⁶
92 1498 160 1574 Est
177 1516 310 1593 vetus,
326 1518 444 1603 atque
461 1499 625 1603 probus,
642 1516 800 1578 centum
818 1499 888 1602 qui
909 1496 1059 1601 perlicit
1077 1523 1208 1616 anuos.

42 1622 174 1722 Quid?
191 1638 226 1691 47
242 1625 311 1728 qui
328 1623 494 1726 deperiit
508 1624 635 1700 minor
647 1645 728 1701 'uno
742 1651 896 1715 mense,
914 1622 977 1699 vel
992 1650 1117 1714 anno,
1192 1670 1198 1680 ι

38 1746 148 1823 Inter
172 1777 267 1851 quos
291 1751 517 1828 referendus
541 1751 646 1830 erit?
670 1768 871 1827 veteresne
897 1753 1062 1827 Poe'tas?

36 1875 72 1941 48
97 1881 164 1954 An
190 1905 285 1981 quos
308 1894 349 1954 et>
370 1905 557 1980 praesens,
582 1895 620 1954 et
640 1894 789 1980 postera
812 1892 966 1979 respuet
986 1886 1107 1955 astas?

35 2016 70 2066 49
92 2004 171 2077 Iste
193 2002 356 2104 quidem
378 2018 530 2080 veteres
553 2002 841 2105 interponetur
867 2000 1053 2092 honeste,

35 2128 117 2229 Qui
141 2127 206 2203 vel
229 2155 357 2204 mense
383 2126 522 2221 brevi,
551 2127 616 2205 vel
641 2145 721 2204 toto
742 2141 798 2204 est
823 2126 952 2226 junior
975 2152 1090 2202 annu.

35 2252 70 2303 ⁵0
92 2254 193 2329 Utor
211 2253 419 2355 permisso,
440 2255 654 2357 caudaeque
678 2251 775 2356 pilos
799 2267 844 2328 ut
870 2250 1045 2354 equinae,

34 2382 235 2459 Paulatim
257 2383 385 2478 vello,
407 2401 446 2460 et
465 2386 581 2460 demo
606 2411 753 2475 unum,
779 2383 894 2457 demo
916 2380 1036 2456 etiam
1055 2405 1208 2455 unum:
1278 2396 1284 2405 '

35 2509 147 2584 Dum
171 2511 287 2585 cadat
307 2511 339 2561 ⁵1
364 2509 491 2587 elusus
515 2509 663 2585 ratione
687 2507 835 2584 ruentis
855 2504 1013 2598 acervi,

35 2633 116 2736 Qui
138 2634 239 2710 redit
256 2635 289 2685 ⁵²
306 2634 355 2708 ad
374 2634 509 2726 fastos,
527 2650 565 2709 et
580 2634 613 2685 ⁵3
631 2637 818 2709 virtutem
836 2631 1002 2708 aestimat
1018 2630 1156 2721 annis,

35 2758 71 2822 ⁵4
92 2756 341 2860 Miraturque
364 2756 486 2849 nihil,
507 2756 581 2834 nisi
603 2756 707 2861 quod
729 2753 907 2829 Libitina
933 2754 1114 2832 sacravit.

36 2883 188 2959 Ennius
204 2901 243 2958 et
263 2885 438 2985 sapiens,
455 2904 495 2961 et
511 2886 644 2980 fortis,
661 2903 700 2962 et
718 2886 817 2961 alter
836 2882 868 2935 5⁵
888 2886 1103 2975 Homerus,

46 3031 102 3101 ,58
109 3031 166 3083 Nos
175 3033 289 3085 Romani
297 3035 420 3086 venimus
428 3032 463 3086 ad
469 3053 603 3111 summum
674 3045 710 3108 49
728 3034 875 3106 Responsio
890 3030 925 3086 ad
947 3028 1094 3089 secundam
1107 3046 1205 3109 'quaes-

34 3114 155 3168 fortuuas
161 3153 171 3178 ,
180 3113 210 3167 id
220 3129 275 3178 est,
286 3114 398 3188 perlecti
407 3136 497 3170 sumus
505 3108 602 3172 Poetae.
638 3119 751 3172 tionem.

34 3197 73 3269 39
80 3196 193 3251 Cithara
200 3199 331 3251 canimus.
337 3208 372 3265 4ο
380 3200 493 3273 Doctius
501 3198 604 3253 Grecis
674 3200 709 3254 50
727 3200 796 3254 Utor
811 3217 861 3266 eo,
876 3200 965 3273 inquit
977 3198 1119 3268 Horatius,
1131 3201 1204 3276 quod

35 3279 203 3356 pslaestritis,
213 3282 259 3353 qui
271 3282 335 3354 ungi
345 3281 479 3337 solebant.
522 3328 526 3334 .
638 3281 706 3336 mihi
725 3284 867 3356 permittis.
888 3282 919 3336 51
939 3284 1076 3356 Deceptus
1088 3283 1204 3339 acervali

63 3375 97 3430 4ι
111 3363 602 3441 Temporisprocessus.42Quotanni
638 3368 888 3440 argumentatione,
902 3364 995 3429 idest,
1007 3365 1101 3435 Sorite.
1114 3368 1149 3420 52
1163 3370 1213 3419 Ao

39 3448 227 3500 auctoritatem
240 3449 380 3520 acquirant
393 3447 566 3507 carminibus.
637 3449 720 3503 libros
739 3447 868 3512 annales,
888 3452 918 3501 in
938 3448 1034 3523 quibus
1052 3447 1203 3504 Consulum

72 3530 109 3596 45
122 3530 179 3600 Qui
196 3544 315 3589 mortuus
328 3545 376 3584 est.
390 3539 424 3597 44
440 3533 513 3585 luter
530 3550 601 3583 con·
637 3534 750 3586 nomina
761 3530 1008 3606 perscribebantur,
1020 3549 1134 3606 quorum
1149 3549 1202 3604 ap-

35 3627 163 3686 temptos.
173 3613 207 3679 45
218 3614 365 3686 Responsio
374 3629 428 3668 est:
439 3614 601 3668 Poueliuem
635 3615 781 3690 pellatione
803 3619 868 3669 enni
885 3616 1056 3671 notabantur.
1077 3612 1111 3667 53
1132 3614 1202 3667 Vir-

35 3715 187 3763 anmrum,
201 3711 228 3751 et
239 3693 314 3749 nulla
324 3698 532 3752 eritcontentio.
637 3716 722 3754 tutem
738 3700 872 3753 carminis.
893 3698 927 3768 64
946 3698 1024 3754 Nihil
1039 3696 1131 3751 laudat
1148 3698 1202 3752 nisi

45 3854 48 3859 y
70 3779 107 3847 46
116 3781 167 3833 Est
178 3795 253 3834 vetus
261 3795 339 3855 atque
351 3779 493 3835 laudabilis
500 3781 599 3849 Poeta,
636 3783 708 3858 quod
727 3799 860 3839 mortuum
877 3800 938 3847 est,
958 3782 987 3836 id
1004 3795 1062 3855 est,
1082 3796 1202 3836 mortuos

37 3878 68 3916 ut
76 3862 161 3930 dicis,
171 3864 232 3936 qui,
243 3878 294 3917 etc.
302 3872 336 3935 47
348 3865 403 3935 Qui
412 3863 554 3922 defunctus
561 3882 601 3924 cst
637 3868 731 3922 Poetae
741 3908 749 3936 ,
759 3866 793 3922 de
806 3869 949 3926 Libitina.
970 3863 1040 3921 Vide
1052 3860 1106 3918 Od.
1125 3883 1182 3918 xxx
1189 3904 1202 3932 ,

36 3949 127 4001 minor
138 3987 145 4011 ‚
155 3947 249 4013 idest,
260 3949 349 4020 junior
358 3969 414 4003 uuo
427 3969 533 4028 mense,
636 3950 684 4006 lib.
699 3972 741 4005 ιιι.

72 4032 107 4097 48
119 4025 162 4086 An
174 4034 244 4088 inter
257 4051 357 4101 noros,
369 4044 423 4106 etc'.¹
673 4035 706 4090 55
724 4036 828 4092 Ennius
846 4033 965 4087 animam
986 4029 1100 4084 Homeri
1122 4029 1152 4083 in
1172 4048 1202 4087 u
