2842 4750
210 308 286 402 284
602 325 640 395 o.
693 316 974 377 nontrrr

208 463 299 537 Non
314 456 434 534 aliam
448 451 500 533 ob
514 483 671 533 causam
686 513 698 551 ‚
719 454 794 531 nisi
810 452 914 557 quod
928 452 1050 529 virtus
1064 449 1108 528 in
1125 462 1286 555 utroque

210 585 370 660 Summa
390 581 476 659 fuit.
492 595 525 648 ¹⁷
542 580 632 656 Duo
648 579 680 656 si
698 577 891 656 discordia
907 594 1023 653 vexet
1038 575 1205 667 inertes,

208 710 292 782 'Aut
306 705 339 782 si
355 705 388 758 ¹⁸
405 691 622 808 disparibus
640 702 790 780 bellum
812 702 988 794 incidat,
1010 716 1054 776 ut
1066 697 1249 777 Diomedi

210 830 312 906 Cum
329 845 363 897 Ῑ9
379 829 503 934 Lycio
525 826 700 921 Glauco;
724 827 898 904 discedat
912 823 1082 929 pigrior,
1100 822 1203 900 ultro

209 955 441 1033 Muneribus
455 953 576 1032 missis
591 957 607 1053 )
623 956 741 1033 Bruto
758 958 926 1032 Praetore
941 968 976 1005 ²0
989 967 1145 1029 tenente

209 1081 345 1158 Ditem
359 1084 522 1176 Asiam,
537 1083 698 1187 Rupili,
714 1099 752 1161 et
767 1086 873 1161 Persi
886 1111 958 1186 par
969 1069 1002 1134 ⁵¹
1016 1096 1184 1185 pugnat3
1198 1078 1255 1154 uti
1271 1103 1342 1155 non

209 1225 245 1264 ²²
259 1212 499 1316 Compositus
512 1213 651 1296 melius
668 1212 701 1265 ²3
718 1240 809 1288 oum
825 1210 944 1288 Bitho
959 1210 1155 1286 Bacchius
1170 1206 1308 1304 :injus

209 1337 333 1411 Acras
347 1351 382 1400 24
396 1353 644 1437 procurrunt,
662 1363 851 1439 magnum
867 1335 901 1387 ²⁵
918 1332 1180 1437 spectaculum
1197 1347 1363 1436 uterque.

210 1460 364 1538 Persius
381 1463 538 1567 exponit
554 1465 589 1513 ²⁶
607 1490 764 1538 causam
781 1494 791 1540 s
808 1462 957 1538 ridetur
976 1462 1027 1536 ab
1040 1462 1148 1538 omni

208 1586 440 1679 Conventu3
458 1585 592 1662 laudat
614 1586 808 1679 Brutum,
830 1586 1041 1690 laudatque
1059 1584 1256 1662 cohortem
1274 1614 1284 1659 ε

208 1706 338 1783 Solem
355 1711 462 1787 Asiae
478 1712 642 1787 Brutum
660 1699 856 1816 appellat,
880 1712 1087 1816 stellasque
1103 1708 1276 1787 salubres

208 1830 396 1935 Appellat
407 1850 441 1903 ²7
457 1835 636 1930 comites,
656 1836 692 1887 23
705 1852 866 1940 excepto
878 1839 989 1941 Rege
1003 1868 1013 1915 ε
1026 1853 1060 1904 ²9
1078 1838 1226 1914 Canem
1238 1832 1365 1926 illum,

208 1957 385 2033 Invisum
403 1961 582 2065 agricolis
598 1962 704 2040 sidus
721 1962 883 2042 venisse.
900 1962 934 2014 30
951 1960 1137 2054 Ruebat,

208 2084 375 2163 Flumen
391 2105 435 2164 ut
451 2088 698 2192 hybernum,
721 2091 752 2142 31
770 2091 893 2167 fertur
908 2067 985 2194 quo
999 2117 1089 2166 rara
1105 2087 1261 2170 securis.

208 2212 314 2286 Tum
331 2212 364 2264 32
381 2215 637 2293 Praenestinus
653 2216 776 2309 salso,
793 2214 1041 2319 multumque
1059 2213 1197 2291 fluenti

208 2335 243 2389 33
261 2339 447 2442 Expressa
464 2342 620 2443 arbusto
637 2343 670 2411 34
688 2346 832 2450 regerit
848 2344 1027 2423 convicia
1040 2403 1052 2438 ‚
1065 2344 1102 2430 ,3⁵
1120 2343 1237 2423 durus

210 2465 510 2564 Vindemiator,
535 2489 574 2549 et
593 2472 788 2567 invictus,
810 2473 877 2551 cui
897 2502 997 2578 saepe
1017 2474 1051 2525 3⁶
1068 2473 1195 2551 viator

210 2595 415 2690 Cessisset,
437 2627 581 2703 magna
601 2601 836 2705 compellans
852 2629 949 2680 voce
966 2601 1000 2669 37
1015 2599 1227 2680 cucullum.

209 2720 267 2794 At
283 2720 464 2818 Graecus,
481 2742 683 2830 postquam
700 2745 756 2804 est
773 2728 871 2804 Italo
888 2727 1062 2832 perfusus
1076 2726 1110 2778 33
1127 2744 1263 2820 aceto,

209 2843 390 2943 Persius,
410 2846 628 2926 exclamat:
649 2853 724 2927 Per
740 2878 925 2955 magnos,
948 2851 1092 2943 Brute,
1114 2850 1219 2927 Deos
1235 2865 1274 2947 te

249 3048 280 3100 ¹7
291 3032 367 3084 Duos
376 3031 494 3104 ignavos.
509 3031 540 3085 18
549 3032 620 3086 Fotti
629 3034 770 3108 etignavo.
786 3076 789 3079 -
807 3035 897 3091 culam
910 3033 1084 3110 pestiferam,
1098 3032 1172 3088 sidus
1186 3032 1328 3090 horribile-⁴

207 3126 245 3185 '¹9
261 3112 380 3168 Glaucus
392 3117 527 3188 ignavior,
541 3115 611 3169 ultro
622 3116 772 3185 Diomedi,
843 3118 878 3171 30
887 3115 1040 3175 inconsulte
1050 3114 1167 3171 dicebat.
1180 3117 1212 3171 51
1225 3118 1290 3187 Quo
1298 3118 1367 3171 fron·

208 3209 239 3248 ut
253 3195 288 3249 ab
301 3201 381 3250 armis
394 3198 560 3267 discederet,
574 3220 686 3255 munera
697 3203 772 3256 misit
807 3199 884 3255 dator
895 3219 955 3255 raro
974 3201 1119 3273 pertingit,
1137 3215 1168 3253 nt
1185 3198 1260 3274 ligna
1279 3199 1366 3256 caedat.

208 3293 289 3331 aurea
304 3299 352 3352 pro
368 3283 452 3336 ereis.
469 3300 503 3335 20
514 3283 599 3336 Bruto
612 3284 703 3337 Asiam
719 3304 771 3338 oc·
807 3284 842 3338 32
868 3284 989 3358 Rupilius
1012 3284 1094 3351 Rex,
1120 3283 1255 3339 Praeneste
1285 3299 1363 3338 natus.

207 3376 334 3435 cupante.
353 3382 384 3416 21
400 3363 496 3420 Verbis
509 3366 604 3425 acerbe
620 3367 771 3422 contendit.
808 3367 843 3420 33
868 3367 999 3422 Convicia
1026 3365 1183 3442 deprompta
1203 3385 1239 3422 ex
1264 3383 1368 3441 pectore

206 3462 243 3498 22
256 3447 287 3498 ln
300 3461 435 3501 certamen
452 3469 647 3523 congressurus.
667 3451 701 3503 23
718 3451 772 3503 Bi·
807 3449 928 3505 mordaci
955 3465 982 3504 et
1008 3450 1126 3522 copioso.
1154 3448 1190 3516 54
1216 3450 1371 3524 lictorquet.

208 3527 270 3582 thus
283 3543 310 3583 et
324 3529 457 3585 Bacchius
471 3548 548 3587 erant
562 3551 610 3607 par
624 3531 790 3592 Gladiato-,
807 3535 842 3589 35
852 3533 889 3588 Ut
899 3531 980 3586 durus
989 3534 1099 3587 vinitor.
1110 3533 1144 3586 36
1154 3534 1249 3587 Viator
1256 3536 1330 3607 prius
1338 3531 1369 3596 de

210 3630 280 3665 rum.
449 3622 457 3642 ’
806 3620 850 3672 via
863 3614 1052 3671 vindemiatori
1068 3618 1250 3682 conviciatus,
1265 3631 1370 3671 coactus

244 3705 279 3762 24
293 3695 411 3752 Currunt
423 3701 453 3752 in
466 3700 615 3774 publicum.
632 3700 666 3755 25
686 3700 771 3774 Spec-
794 3744 796 3748 ι
807 3715 847 3757 est
859 3697 965 3754 cedere.
978 3699 1011 3770 37
1026 3697 1161 3754 Derideas
1171 3700 1334 3766 vinitorem,
1345 3712 1371 3752 et

206 3777 327 3832 taculum
342 3780 440 3834 theatri
457 3798 484 3836 et
498 3781 602 3855 judicii.
807 3802 871 3837 eum
894 3780 1029 3855 appellans
1048 3800 1125 3836 avem
1144 3784 1250 3857 pigram
1264 3801 1297 3837 ac
1314 3779 1371 3836 nidi

245 3861 279 3914 26
289 3861 403 3916 Causam
413 3882 497 3917 suam.
512 3883 545 3937 27
556 3863 677 3919 Comites
685 3866 773 3921 Bruti.
809 3868 850 3922 sui
867 3864 1083 3920 obliviscentem.

211 3945 243 3995 28
255 3944 353 4000 Praeter
366 3946 504 4021 Rupilium
516 3949 626 4022 Regem.
641 3967 675 4022 29
685 3949 774 4019 Cani2
845 3949 880 4023 58
910 3948 1040 4023 Asperius
1068 3948 1244 4010 mordacitate
1272 3946 1373 4017 Italicas
