2842 4750
215 287 290 362 228
613 304 651 375 o.
704 302 987 363 norarrs

213 432 248 484 ³⁶
260 433 339 508 Nos
354 447 487 509 manet
503 433 684 511 Oceanus
699 434 787 502 ³⁷
753 460 1050 539 circumvagus.
1066 453 1188 529 atva,
1203 434 1318 513 beata

263 563 444 636 Petamus
461 587 583 654 arva,
607 561 750 637 divites
768 578 807 638 et
822 561 990 655 insulas,

212 682 361 761 Reddit
378 683 447 760 ubi
465 682 499 737 3⁸
517 686 699 762 Cererem
719 681 860 761 tellus
849 701 1003 762 morata
1023 687 1254 790 quotannis,

263 812 313 884 Et
327 810 360 875 ³9
375 809 567 912 imputata
584 809 696 885 floret
711 836 834 912 usque
849 810 966 886 vinea
985 868 998 902 ,
1071 840 1074 845 ’

213 934 420 1011 Germinat
433 950 472 1009 et
489 961 693 1038 nunquam
709 932 881 1010 fallentis
897 950 931 1000 40
947 922 1087 1013 termes
1103 936 1245 1030 olivae,

262 1078 295 1128 4Ῑ
313 1064 510 1165 Suamque
525 1077 560 1127 4²
578 1059 684 1164 pulla
702 1062 799 1139 ficus
815 1050 926 1139 ornat
940 1063 1118 1141 arborem
1134 1123 1147 1159 ,

212 1186 338 1270 Mella
356 1213 454 1263 cava
471 1190 631 1262 manant
649 1213 696 1263 ex
714 1185 830 1280 ilice,
852 1187 1049 1297 montibus
1068 1190 1157 1268 altis
1205 1214 1207 1219 ’
1322 1224 1325 1231 ’

191 1309 194 1314 ’
263 1312 381 1389 Levis
397 1312 432 1378 43
450 1329 630 1416 crepante
648 1310 813 1417 lympha
831 1313 960 1391 desilit
977 1315 1089 1418 pede.

211 1439 302 1518 Illic
319 1454 354 1504 44
370 1436 523 1536 iniussae
539 1435 706 1514 veniunt
722 1438 774 1512 ad
791 1435 958 1551 mulctra
978 1438 1166 1541 capellae,

262 1569 296 1636 4⁵
313 1567 529 1670 Refertque
552 1547 658 1643 tenta
679 1593 773 1668 grex
794 1564 944 1643 amicus
966 1565 1115 1679 ubera,

214 1698 300 1776 Nec
317 1694 558 1798 vespertinus
571 1694 607 1760 4⁶
624 1692 898 1795 circumgemit
913 1720 1022 1771 ursus
1037 1695 1167 1789 ovile,

263 1837 298 1888 47
315 1823 401 1898 Nec
420 1818 647 1896 intumescit
664 1816 799 1894 alta
761 1820 905 1921 viperis
923 1820 1077 1899 humus.

211 1945 415 2050 'Pluraque
434 1944 569 2021 felices
586 1942 845 2037 mirabimur3
868 1961 912 2020 ut
927 1970 1055 2048 neque
1075 1944 1194 2048 largis

266 2075 449 2178 Aquosus
468 2070 596 2146 Eurus
614 2067 650 2136 48
669 2092 772 2147 arva·
785 2051 898 2147 'railat
916 2052 1133 2162 imbribus,

213 2213 249 2267 49
268 2195 437 2301 Pinguia
457 2222 529 2271 nec
551 2192 664 2272 siccis
684 2210 847 2271 urantur
865 2193 1014 2271 semina
1034 2192 1185 2298 glebis;
1244 2216 1248 2221 “

266 2322 300 2375 ⁵0
318 2318 539 2423 Utrumque
559 2320 670 2423 Rege
691 2333 931 2423 temperante
954 2318 1143 2414 coelitum,

218 2449 310 2526 Non
332 2443 411 2521 huc
429 2447 563 2547 Argoo
587 2443 788 2521 contendit
809 2443 958 2548 remige
977 2446 1008 2497 ⁵1
1026 2435 1166 2549 pinus,

267 2574 408 2675 Neque
426 2568 626 2673 impudica
650 2568 683 2619 ⁵²
700 2568 864 2648 Colchis
877 2569 1011 2648 intulit
1028 2572 1196 2675 pedem:
1219 2557 1223 2564 ⁴

217 2699 309 2777 Noa
321 2694 405 2769 'huc
422 2693 455 2746 ⁵3
470 2691 621 2770 Sidonii
637 2707 831 2770 torserunt
848 2721 993 2812 cornua
1012 2710 1168 2788 nautea,
1194 2708 1197 2714 ’

214 2847 325 2915 molare,
341 2842 370 2899 id
386 2858 443 2907 est,
462 2843 595 2918 praeterire
612 2839 786 2917 Tyrrhenum
820 2842 931 2898 ἆοιιιιιιιι
940 2842 1021 2899 refert
1030 2843 1147 2900 distenta
1154 2842 1247 2901 ubera.
1261 2846 1376 2918 46Ursua

135 2991 138 2996 ‚
217 2950 304 2994 masc.
318 2931 353 2986 36
361 2930 420 2986 Nos
432 2941 570 3002 exspectat
578 2926 705 2982 Oceanus
713 2947 785 3001 prn-
820 2946 878 2984 non
896 2927 1175 2996 insidiaturovibua,
1195 2948 1255 3004 quas
1276 2947 1336 2987 auat
1350 2932 1378 2988 in

219 3011 447 3089 teruavigandus,
474 3012 505 3065 in
530 3029 584 3084 quo
603 3025 667 3066 sunt
690 3010 787 3065 insulas
821 3010 897 3066 ovili.
912 3021 947 3083 47
966 3011 1115 3086 Hypallage
1131 3027 1180 3067 est.

219 3102 370 3159 fortunatae.
392 3096 435 3167 v37
451 3095 508 3165 Qui
522 3089 674 3152 universam
688 3108 787 3150 terram
857 3095 893 3162 48
911 3094 949 3149 Ut
964 3114 1053 3170 neque
1075 3097 1163 3165 Eurus
1178 3110 1262 3151 terras
1280 3101 1377 3154 minuat

218 3186 442 3254 circumvagam
461 3178 496 3238 38
507 3176 627 3232 Menam
638 3178 785 3249 copiosam.
820 3178 962 3248 imbribus.
977 3199 1013 3253 49
1030 3182 1062 3233 ln
1077 3178 1131 3233 illia
1147 3180 1243 3236 insulis
1257 3180 1330 3236 nulla
1342 3191 1377 3235 est

222 3268 260 3341 59
277 3267 368 3318 Vinea
377 3255 439 3316 'non
455 3273 566 3335 putata,
582 3279 643 3314 non
657 3259 786 3332 praeciae,
821 3262 937 3318 siccitas.
956 3262 991 3315 50
1004 3263 1131 3318 Hiemem
1145 3276 1174 3321 et
1186 3277 1306 3320 aestatem
1317 3265 1376 3319 Jove

188 3360 192 3368 ‘
220 3366 328 3423 semper
346 3345 431 3404 floret.
456 3353 492 3413 40
512 3346 611 3398 llamus
629 3341 706 3397 olive
730 3357 787 3408 tam
821 3341 1003 3412 modificante.

197 3432 326 3504 fidelis,
338 3443 369 3483 ut
380 3446 455 3502 spem
467 3426 571 3483 domini
583 3443 723 3498 nunquam
734 3423 788 3478 fal·
827 3487 829 3496 Ι
867 3426 898 3479 51
920 3427 1012 3502 Navis
1028 3430 1060 3482 in
1075 3447 1129 3504 qna
1145 3430 1229 3485 lason
1249 3446 1279 3486 et
1292 3430 1379 3487 beroea

220 3518 270 3583 lat.
284 3527 316 3583 41
331 3511 461 3578 Arborcm
474 3506 639 3574 naturalem,
651 3525 708 3560 non
720 3509 788 3561 insi·
823 3507 936 3568 Grecis
948 3514 1108 3577 vectitant,
1120 3511 1379 3587 vellusaureompe·

212 3610 297 3713 pann
289 3597 417 3666 ‚namin
430 3591 525 3647 insulis
540 3589 682 3644 fortunatis
696 3592 789 3645 omnia
821 3605 929 3661 tentes,
949 3612 1007 3648 non
1018 3593 1073 3649 huc
1085 3593 1227 3650 contendit
1236 3597 1326 3671 Argoo
1338 3614 1379 3649 re

209 3701 284 3737 ame
297 3694 353 3735 arte
366 3690 521 3734 nascuntur.
540 3682 576 3740 42
588 3674 673 3746 Nigra
685 3688 721 3732 et
724 3690 789 3725 ma·
823 3676 910 3748 mige‚
918 3674 948 3729 id
957 3690 998 3730 est
1002 3677 1275 3756 ,Argoisremigibun
1283 3679 1379 3733 §aMo-

217 3779 285 3830 'ausa
299 3763 374 3817 ficus.
393 3759 428 3828 43
441 3758 574 3830 Crepante
585 3755 672 3830 pede,
686 3755 787 3827 idest,
825 3756 895 3825 dea,
916 3779 976 3833 quae
998 3775 1105 3835 propter
1121 3759 1265 3822 libidinem
1284 3777 1379 3838 patrem

222 3867 289 3906 cum
304 3846 360 3900 leni
374 3859 520 3896 murmure.
823 3797 952 3916 proiidit.

238 3926 390 4006 ,protus
402 3925 525 4007 {enims
540 3925 576 3997 45
590 3926 790 4001 Etgrexcanu
860 3924 897 4006 5}
921 3924 1041 4009 eramus
1065 3947 1128 4003 cum
1140 3930 1228 4010 ¹sociis
1253 3949 1311 3987 non
1332 3927 1381 3988 huc
