2842 4750
202 283 252 384 76
595 306 636 377 o.
688 305 968 364 ιιοιιιιιι
1038 368 1041 373 ⁴

353 463 371 515 r
394 447 588 547 Querceta
611 447 784 551 Gargani
807 447 1013 545 laborant,

336 644 337 647 ,
403 571 421 623 8
445 571 494 646 Et
517 570 620 648 foliis
642 572 855 653 viduantur
877 575 974 655 orni.

304 712 322 765 9
347 698 409 773 Tu
431 724 584 801 semper
607 725 721 802 urges
747 698 946 778 flebilibus
967 700 1092 780 modis

303 821 461 925 Mysten
487 816 747 926 ademptum:
738 841 805 877 ·1⁰
826 853 900 903 neo
919 826 1023 922 tibi,
1044 829 1220 934 Vespero

354 951 565 1055 Surgente‚
591 931 786 1030 decedunt
807 981 984 1050 amores,
1100 1006 1103 1015 ·

405 1076 492 1152 Neo
519 1077 698 1180 rapidum
726 1078 899 1182 fugiente
927 1081 1068 1163 Solem.

304 1202 363 1276 At
384 1229 463 1278 non
489 1218 520 1254 ¹1
546 1220 605 1280 ter
624 1233 709 1282 aevo
731 1206 887 1283 functus
909 1206 1125 1286 amabilem

305 1324 480 1403 Ploravit
501 1357 634 1406 omues
659 1330 919 1410 Antilochum
942 1361 1060 1413 senex

355 1453 490 1531 Annos
514 1487 524 1532 ε
549 1484 623 1532 nee
647 1471 680 1508 ¹2
703 1456 908 1560 impubem
932 1476 1108 1563 parentes

406 1582 571 1660 Troilon
585 1624 610 1677 ‚1
625 1584 658 1636 ¹3
680 1603 749 1662 aut
772 1585 957 1693 Phrygias
981 1609 1127 1667 sorores

189 1800 198 1827 ,
304 1703 468 1784 Flevere
496 1737 657 1812 semper.
685 1726 720 1777 Ῑ4
743 1713 889 1790 Desine
915 1712 1094 1793 mollium

305 1831 485 1910 Tandem
512 1837 786 1940 querelarum,
811 1854 850 1925 et
873 1840 1000 1943 potius
1021 1866 1123 1918 nova

356 1958 566 2037 Cantemus
591 1961 762 2065 Augusti
789 1963 821 2013 1⁵
848 1962 1021 2067 trophaea

409 2086 598 2180 Caesaris,
623 2089 657 2139 ¹⁶
679 2105 719 2165 et
741 2068 914 2192 rigidum
939 2089 1166 2194 Niphaten,

304 2229 342 2283 Ῑ7
364 2216 608 2322 Medumque
633 2218 782 2295 flumen
807 2218 987 2323 gentibus
1009 2217 1190 2309 additum

291 2341 462 2436 Victis,
485 2341 654 2421 minores
678 2341 838 2423 volvere
864 2344 1057 2439 vortices,

242 2577 259 2629 7
274 2557 396 2628 Quercus
411 2552 472 2608 alta
487 2557 517 2608 in
529 2553 654 2628 Gargano
665 2553 770 2628 Apuliae
804 2554 889 2610 Troili
914 2576 1017 2625 sorores
1035 2595 1045 2627 ,
1066 2555 1198 2611 Polixena
1216 2596 1227 2626 ‚
1252 2557 1369 2615 Cassan-

204 2654 319 2703 monte,
336 2657 393 2690 non
407 2657 512 2711 semper
524 2641 612 2693 ventis
624 2640 768 2711 agitantur.
803 2637 874 2707 dra,
892 2656 945 2696 eto.

205 2725 223 2776 8
241 2724 300 2777 Nec
319 2719 391 2774 foliis
410 2715 515 2794 semper
533 2719 670 2775 nudantur
687 2721 768 2790 orni,
842 2734 873 2792 ¹4
889 2726 992 2780 Desine
1012 2723 1029 2777 d
1048 2723 1226 2780 muliebribus
1244 2726 1369 2801 querelis.¹

204 2803 235 2858 id
251 2819 306 2870 est,
324 2804 423 2858 fraxini
439 2802 587 2877 sylvestres.
803 2806 959 2862 Graecorum
986 2827 1062 2862 more
1088 2809 1198 2882 ponitur
1226 2807 1369 2863 Genitivus

240 2908 259 2962 9
282 2890 326 2943 Tu
350 2886 454 2941 assidue
483 2888 630 2961 insequeris
657 2889 768 2963 Mysten
802 2890 1368 2964 postVerbumfiniendi.15Ctesarisvic-

203 2989 339 3027 mortuum
349 2970 513 3027 carminibus
522 2970 656 3044 Elegiae-is
667 2971 703 3026 ad
714 2973 767 3028 lle-
802 2977 909 3044 torias3
930 2989 993 3030 sunt
1014 2977 1090 3031 enim
1107 2974 1229 3050 trophea
1250 2977 1370 3031 victoria

203 3072 262 3111 tum
282 3054 498 3130 provocantibus.
525 3072 557 3107 ιο
582 3056 642 3109 Nec
664 3075 766 3125 mane,
802 3060 888 3136 signs.

202 3160 256 3195 nec
277 3143 381 3216 vesperi
399 3141 496 3215 Mystis
516 3158 593 3193 arnor
610 3153 638 3193 te
657 3137 765 3195 deserit.
848 3142 881 3196 16
898 3144 934 3196 Et
947 3157 1085 3197 cantemus
1097 3139 1254 3215 Niphaten
1270 3161 1318 3215 <pn
1310 3138 1370 3193 vel

203 3224 253 3278 Est
262 3225 364 3297 Vesper
379 3223 455 3278 stella
463 3225 578 3278 Venens
587 3243 664 3297 qua
674 3223 766 3279 Solem
801 3224 912 3306 frigidus
923 3240 964 3280 est
978 3224 1095 3296 Scythia
1105 3224 1220 3291 fluvius
1234 3222 1281 3278 vel
1292 3240 1371 3276 mons

200 3303 764 3381 occidentemsubsequensdiciturVesper‚
801 3324 841 3366 est
849 3310 996 3375 Armene
1005 3326 1069 3362 nive
1078 3305 1203 3362 horridus
1213 3321 1242 3361 et
1251 3325 1370 3361 inacces-

199 3389 335 3443 orientem
356 3407 419 3443 vero
441 3389 628 3463 antegrediens
653 3410 766 3444 nuncu·
800 3410 854 3447 sus.
882 3410 914 3463 ¹7
929 3393 966 3445 Et
983 3406 1122 3446 cantemus
1146 3389 1248 3445 Mediae
1268 3391 1371 3444 flumen

200 3487 279 3553 parur
297 3471 432 3545 Hesperus
449 3470 493 3526 vel
510 3471 631 3526 Lucifer.
799 3475 957 3547 adjunctum
966 3475 1108 3548 gentibus,
1122 3475 1254 3528 nimirum
1266 3475 1370 3528 Arme-

242 3574 269 3609 ιι
286 3554 385 3608 Nestor
398 3594 406 3619 ‚
417 3556 462 3628 qui
476 3558 584 3610 tertiam
593 3570 700 3610 aetatem
708 3555 764 3610 ho-
799 3559 871 3626 niis‚
887 3556 992 3612 Parthis
1003 3573 1032 3612 et
1047 3556 1107 3612 aliis
1124 3557 1139 3610 a
1154 3556 1261 3614 cesare
1280 3556 1370 3611 vietis.

197 3641 307 3696 minum
330 3637 462 3702 vivebat,
486 3637 516 3692 id
540 3655 604 3707 est,
629 3653 766 3695 uacentos
794 3639 970 3713 Cantemus(
980 3638 1293 3714 inquam)hoslluvios‚
1306 3639 1370 3711 quia

198 3740 307 3786 annos,
327 3738 385 3774 non
399 3739 503 3796 semper
524 3720 638 3795 ploravit
652 3721 764 3776 Antilo-
798 3724 917 3779 minores
927 3742 1054 3798 aquarum
1065 3722 1158 3798 globos
1167 3724 1221 3793 jam
1232 3720 1369 3775 volvunt:

198 3804 283 3860 chum
295 3802 380 3858 lilium
393 3824 487 3872 suum,
501 3824 536 3860 ex
546 3806 693 3873 Euridice‚
706 3825 765 3863 ces·b
796 3826 863 3862 nam
881 3810 1027 3862 sentientes
1048 3825 1077 3861 se
1100 3825 1163 3862 cum
1183 3805 1324 3859 Armeniis
1343 3818 1373 3859 et

198 3906 259 3942 sum
273 3889 302 3940 in
316 3885 407 3960 praelio
417 3887 451 3943 ab
461 3888 588 3962 Hectore.
604 3908 641 3946 ,ιι
654 3888 762 3944 Imber·
797 3890 887 3945 Medis
894 3909 952 3945 esse
960 3888 1124 3956 debellatos,
1133 3887 1373 3961 angustiusfluunt

199 3968 263 4030 bem
279 3968 403 4027 Troilum
419 3972 518 4027 Priami
537 3971 632 4030 filium.
658 3974 689 4029 ιδ
705 3974 761 4030 Aut
794 3990 902 4050 propter
915 3988 1031 4048 scoepte
1044 3969 1272 4029 eladisdolorem.
