2842 4750
185 328 252 384 or
307 327 457 385 Auru
509 325 777 383 'rorrrct
829 328 1022 387 brnen.
1108 330 1183 409 477

17 462 71 537 Et
86 460 177 538 vitre
193 478 399 538 monstrata
415 461 481 537 via
497 477 576 554 est3
597 477 635 536 et
651 461 685 525 4⁶
702 459 827 561 gratia
844 487 982 560 regum

16 604 52 653 49
73 588 211 663 Pieriis
230 605 376 665 tentata
394 588 543 678 modis;
565 587 598 637 ⁵0
617 584 808 688 ludusque
829 601 1028 686 repertus,

14 710 47 761 ⁵¹
68 712 118 787 Et
134 710 334 813 longorum
349 737 508 815 operum
524 709 635 785 finis:
653 710 686 760 ⁶²
703 737 753 783 ne
770 710 868 785 forte
883 707 1022 809 pudori

11 838 76 917 Sit
96 838 168 915 tibi
190 841 303 914 Musa
326 838 431 940 lyraef
442 838 475 888 ⁵³
491 837 606 914 solers
624 854 662 912 et
678 852 811 911 cernor
827 836 862 901 ⁵4
878 824 1030 937 Apollo

14 966 54 1040 N
58 981 171 1045 arura
196 965 304 1041 fieret
323 965 522 1042 laudabile
547 993 731 1057 carmen,
753 993 803 1040 an
824 981 932 1056 erte,

10 1092 46 1141 55
65 1090 278 1191 Quaesitum
295 1107 361 1168 est.
379 1092 460 1194 Ego
477 1119 550 1167 nec
568 1092 601 1142 ⁵⁶
615 1092 786 1168 studium
800 1091 881 1166 sine
897 1088 1019 1167 divite
1040 1118 1160 1183 vena,

12 1217 103 1292 Nec
118 1215 151 1282 ⁵7
164 1214 260 1290 rude
282 1215 378 1317 quid
397 1215 514 1317 prosit
529 1215 644 1291 video
658 1214 859 1317 ingenium
875 1246 884 1292 :
902 1214 935 1265 55
950 1214 1106 1292 alterius
1121 1217 1177 1292 sic

13 1342 153 1421 Altera
168 1342 290 1447 poscit
303 1370 418 1445 opem
434 1371 518 1436 res,
535 1363 572 1420 et
589 1346 621 1411 ⁶9
636 1343 811 1441 conjurat
825 1341 965 1417 amice.

12 1468 96 1570 Qui
118 1468 246 1543 studet
268 1485 437 1569 optatam
456 1470 490 1521 ⁶0
509 1496 624 1544 cursu
643 1470 867 1571 contingere
888 1484 1062 1558 metam,

13 1594 146 1671 Multa
167 1593 280 1683 tulit,
300 1593 471 1696 fecitque
493 1597 523 1644 ⁶¹
544 1621 664 1696 puer;
683 1597 716 1699 ⁶²
735 1594 915 1685 sudavit,
935 1611 973 1669 et
989 1595 1101 1688 elsit3

12 1717 219 1792 Abstinuit
237 1718 391 1795 Venere
415 1734 453 1792 et
476 1718 508 1769 55
527 1719 619 1794 vino
636 1750 645 1795 z
664 1719 697 1783 ⁶4
719 1718 789 1821 qui
805 1717 948 1819 Pythia
970 1735 1102 1796 cantat
1169 1728 1171 1731 ’

12 1838 212 1931 Tibicen,
235 1841 374 1915 didicit
394 1845 522 1944 prius,
544 1843 801 1946 extimuitque
820 1842 1059 1944 magistrum.

13 1967 47 2016 ⁶⁵
67 1967 183 2045 Nunc
201 1966 292 2041 satis
310 1981 366 2040 est
388 1966 527 2042 dixisse
544 1969 650 2068 :Ego
669 1967 768 2041 mira
784 1974 960 2068 poe'mata
977 1969 1010 2017 ⁶⁶
1026 1994 1176 2072 pango:

12 2090 48 2156 ⁶7
58 2091 236 2190 Occupet
246 2089 616 2166 extremumscebies
628 2123 636 2167 :
647 2091 747 2165 mihi
760 2108 867 2192 turpe
876 2090 1086 2194 ⁶⁶relinqui
1097 2113 1176 2189 est,

10 2214 46 2280 ⁶9
69 2214 121 2288 Et
138 2214 243 2316 quod
262 2242 339 2289 non
357 2213 503 2307 didici,
526 2241 615 2291 sene
638 2214 787 2292 nescire
811 2198 942 2293 fateri.¹

10 2380 46 2434 ab
64 2379 189 2455 Apolline
206 2379 277 2434 data.
296 2382 330 2447 48
348 2382 473 2435 Amicitia
485 2400 576 2455 regum
611 2381 708 2456 frigora
724 2380 841 2456 pertulit.
859 2381 895 2435 63
912 2382 1003 2435 Rome
1018 2385 1094 2454 pueri
1108 2386 1172 2437 vino

11 2464 178 2519 carminibus
195 2480 347 2539 comparata
364 2479 412 2518 est.
612 2465 791 2520 abstinebant.

50 2568 85 2622 49
92 2547 262 2602 Carminibus
269 2549 417 2615 Musarum,
426 2569 483 2622 quae
491 2548 576 2604 Pieri·
647 2550 681 2616 64
694 2550 828 2614 Tibicen,
841 2547 977 2602 adhibitus
989 2548 1024 2601 sd
1037 2549 1173 2606 canendas

12 2631 62 2685 des
71 2631 247 2705 appellantur.
258 2632 293 2685 50
302 2630 456 2690 Oblectatio
468 2635 576 2686 enimo-
611 2632 702 2686 laudes
710 2630 842 2704 Apollinis
855 2633 884 2683 in
898 2631 1017 2704 Pythiis,
1031 2631 1059 2684 id
1073 2648 1129 2699 est,
1142 2638 1173 2691 in

12 2732 90 2778 turn,
104 2715 207 2768 scilicet
220 2714 365 2768 Comoedias
377 2729 405 2768 et
417 2714 574 2787 Tragoedias.
611 2713 680 2767 ludis
693 2713 832 2766 celebretis
843 2713 1012 2788 inhonorem
1022 2714 1170 2787 Apollinis,

12 2796 45 2848 5ι
62 2797 177 2867 Requies
190 2798 271 2848 enimi
285 2813 345 2872 post
356 2795 450 2869 longos
461 2795 574 2852 labores.
611 2799 655 2870 qui
675 2796 824 2869 Pythonem
846 2812 997 2869 serpentem
1017 2797 1173 2870 occiderat,

11 2878 137 2932 Animos
158 2883 233 2929 enim
240 2877 335 2949 sessos
352 2897 449 2932 uersus
466 2894 493 2931 ec
509 2882 575 2952 tyra
610 2878 656 2934 bic
669 2879 786 2932 Tibicen
802 2877 913 2943 didicit,
931 2893 983 2932 etc.

14 2960 162 3013 relaxant.
176 2960 210 3012 52
223 2960 289 3014 Haec
300 2959 356 3012 dixi
368 3000 375 3025 ,
389 2963 405 3013 ὂ
417 2962 493 3031 Piso,
504 2981 538 3018 ne
548 2977 575 3016 te
646 2962 679 3015 65
690 2962 741 3013 His
749 2963 852 3013 miseris
861 2958 1033 3032 temporibus.
1043 2961 1079 3014 66
1086 2962 1171 3017 Com·

14 3037 118 3113 pudeat
132 3050 237 3113 poetam
251 3060 317 3095 esse.
331 3043 365 3095 55
379 3041 474 3112 Pericli.
610 3042 961 3116 pono‚idest‚egopossum
970 3044 1038 3094 mire
1048 3053 1171 3116 poemata

52 3122 87 3188 54
111 3122 206 3195 Apollo
231 3125 353 3177 inventor
375 3124 503 3194 cithares,
529 3128 575 3200 qui
610 3145 770 3199 componere
791 3165 801 3190 ,
830 3131 924 3196 inquit
951 3127 1043 3177 malus
1076 3139 1169 3199 poeta.

14 3205 103 3260 Musis
120 3221 223 3279 praeest.
610 3211 644 3282 67
656 3208 779 3281 Metupb.
792 3200 875 3261 ‘ductu
892 3206 907 3260 d
919 3206 978 3261 lusu
990 3228 1131 3280 puerorum
1142 3234 1171 3269 se

52 3287 343 3343 551ncontrorersiern
353 3304 474 3360 vocatur,
486 3307 576 3346 utrum
610 3309 703 3347 mutuo
721 3291 756 3344 ad
772 3290 933 3345 currendum
953 3290 1149 3348 cohortantium
1161 3335 1170 3362 ‚

18 3369 98 3430 Poeta
113 3387 237 3425 nascetur
253 3393 289 3426 en
301 3373 367 3427 listi
610 3374 1052 3449 quiscabiemimprecantureiqui
1061 3375 1171 3430 ultimus

55 3454 143 3510 itinn
153 3457 211 3509 siue
222 3455 347 3510 foecundo
356 3459 475 3529 ingenio.
483 3457 515 3530 57
527 3463 575 3513 ln·
611 3457 646 3511 ad
657 3458 759 3512 'calcem
772 3459 932 3531 pervenerit.
947 3455 992 3509 Sic
1004 3457 1129 3514 indoctus
1142 3476 1171 3515 et

20 3537 124 3607 genium
144 3553 200 3592 arte
221 3558 277 3592 non
296 3538 453 3612 expolitum.
476 3541 510 3593 58
530 3540 575 3594 Sic
611 3540 739 3614 gloriosus
753 3542 834 3594 Poeta
850 3558 907 3592 non
926 3537 983 3593 vult
1001 3542 1031 3592 in
1049 3559 1170 3599 extremo

18 3633 124 3686 nature,
142 3635 168 3673 et
186 3619 308 3674 doctrine
327 3621 426 3675 mutuis
438 3640 465 3676 se
482 3622 575 3695 opibus
611 3622 704 3676 ordine
719 3624 835 3688 versari,
852 3620 899 3675 sed
916 3641 990 3675 suam
1004 3625 1070 3693 tegit
1086 3627 1171 3697 igno-

18 3698 116 3769 juvant.
137 3702 173 3775 59
191 3703 340 3757 Consentit.
609 3708 723 3759 rentiam
738 3706 879 3776 jactatione
896 3721 923 3759 et
944 3703 1064 3757 audacis.
1084 3706 1119 3759 68
1137 3709 1169 3761 ln

55 3785 88 3837 60
101 3785 204 3839 Labore
224 3802 251 3840 et
266 3806 346 3860 opere
362 3784 396 3840 sd
409 3786 490 3844 finem
509 3807 575 3861 per·
610 3805 688 3860 cursu
705 3787 830 3861 relinqui.
851 3789 886 3860 69
905 3789 940 3840 Et
959 3804 1022 3839 sune
1038 3801 1112 3860 turpe
1129 3804 1171 3843 est

21 3868 108 3920 tenire
128 3868 180 3922 sibi
203 3872 375 3942 propositum.
397 3871 429 3923 61
454 3878 514 3932 usis
531 3881 575 3937 fn,
610 3871 692 3938 mihi,
712 3874 800 3944 iuquit
816 3870 901 3924 malus
916 3870 1015 3934 Poeta,
1034 3868 1169 3931 laterinis

19 3962 80 4015 curn
90 3967 158 4008 esset
172 3970 249 4026 puer.
265 3953 301 4007 62
316 3952 440 4008 Calorem
455 3957 537 4030 sensit
549 3969 577 4010 et
610 3953 678 4008 illud
690 3957 794 4011 nescire
806 3953 877 4027 quod
886 3971 942 4007 non
951 3949 1046 4030 didici.¹
