2842 4750
306 300 646 377 esu-usurus
696 301 807 357 um.
859 303 886 356 1.

10 440 11 445 ’
65 434 95 486 ³1
120 426 301 538 Negligis
320 424 527 510 immeritis
549 432 771 509 nocituram

25 565 219 640 Postmodo
238 579 277 638 te
295 562 396 640 natis
417 563 451 615 3²
474 562 655 639 fraudem
676 558 919 637 committere
937 559 1078 643 forsan.

65 689 96 740 33
116 684 266 764 Debita
288 686 400 786 jura,
419 688 605 792 vicesque
628 684 807 790 superbae

29 821 76 894 Te
92 836 276 894 maneant
291 818 432 920 ipsum.
455 815 645 895 Precibus
661 844 740 893 nou
755 814 916 918 linquar
932 811 967 881 34
984 811 1143 908 inultis,

68 943 98 994 3⁵
123 944 262 1047 Teque
280 940 439 1045 piacula
462 940 570 1017 nulla
593 939 797 1017 resolvent.

31 1065 251 1169 Quanquam
271 1065 457 1157 festinas,
483 1063 517 1115 3⁶
533 1092 612 1140 non
630 1077 686 1138 est
701 1088 810 1137 mora
828 1059 970 1165 longa,
993 1059 1132 1138 licebit

68 1190 211 1291 Injecto
235 1194 351 1283 37>ter
375 1192 538 1296 pulvere
560 1190 595 1243 33
618 1216 762 1269 curras.

60 1375 85 1429 31
101 1379 174 1432 Leve
190 1396 247 1432 esse
259 1390 346 1449 putas.
362 1373 438 1430 Ordo
448 1391 509 1442 est,
522 1376 579 1429 for-
611 1372 669 1428 bita
686 1413 695 1439 ‚
718 1389 746 1428 et
763 1391 850 1447 poenae
871 1392 962 1447 graves
983 1375 1181 1452 reciprocaque

34 1473 107 1512 sautu
127 1458 244 1533 negligis
268 1461 438 1514 committere
455 1457 578 1513 fraudem
613 1459 734 1536 superbis
756 1458 831 1514 factis
859 1457 947 1531 diguae
975 1474 1001 1512 te
1023 1477 1178 1534 expectent.

35 1544 165 1596 nocituram
186 1541 329 1617 postmodo
338 1557 365 1596 te
376 1544 447 1597 natis
455 1543 579 1596 immeri-
614 1542 648 1609 34
658 1541 883 1604 Execratiouibus
896 1544 964 1596 meis
976 1542 1125 1612 frustratis,
1143 1567 1180 1601 ac

35 1627 78 1690 tis,
98 1627 208 1693 idest,
225 1624 306 1701 paulo
327 1641 387 1700 post
402 1645 437 1681 ex
456 1641 483 1681 te
497 1627 577 1680 natis.
612 1631 641 1679 ri
659 1625 790 1691 diceret,
817 1641 946 1680 eventura
965 1642 1088 1701 precatus
1107 1649 1178 1684 sum.

35 1706 171 1785 irculpam
185 1710 424 1785 committere(me
433 1730 490 1765 non
501 1729 579 1783 sepe-
613 1709 649 1763 35
660 1708 744 1762 Nulla
757 1724 783 1764 te
794 1708 924 1763 sacrificia
940 1710 1106 1783 expiabunt,
1124 1715 1180 1768 nisi

36 1791 107 1849 liendo
118 1795 131 1869 )
143 1816 204 1870 quae
216 1797 251 1849 sit
262 1792 430 1868 culpastiam
442 1795 496 1850 tuis
505 1792 579 1848 libe-
613 1810 676 1846 meo
689 1790 814 1847 cadaveri
825 1808 922 1847 terram
937 1795 1071 1865 injeceris.

35 1876 61 1926 rit
68 1877 265 1933 immerentibus
278 1879 410 1931 nocitura.
649 1875 685 1929 36
700 1874 845 1929 Persuadet
854 1876 871 1929 i
880 1876 962 1931 facili.
978 1878 1010 1949 37
1020 1879 1076 1932 Ter
1085 1898 1179 1934 manes

68 1959 97 2013 33
116 1961 142 2014 Si
162 1980 210 2015 me
229 1960 401 2014 inhumatum
424 1961 577 2035 relinquas,
613 1957 755 2014 vocabant.
771 1961 846 2033 Virg.
860 1963 901 2015 Et
912 1981 1017 2033 magna
1030 1982 1125 2015 manes
1138 1978 1182 2020 ter

35 2040 88 2111 justa
97 2044 235 2119 sepulture
246 2043 374 2099 cadaveri
380 2044 515 2120 insepulto
525 2044 578 2100 de·
613 2061 683 2097 voce
695 2048 808 2099 vocavi.
827 2044 862 2099 38
877 2044 985 2100 Licebit
996 2062 1027 2101 ut
1041 2048 1163 2120 naviges..

178 2241 273 2318 Ao
325 2238 612 2318 ructum.
665 2233 753 2311 ode
803 2239 1003 2352 xxm.

10 2342 11 2386 i

11 2487 12 2496 κ
35 2438 165 2519 Mimm
185 2446 381 2545 quiddam
398 2463 436 2517 ec
450 2450 619 2519 monstri
639 2443 777 2519 simile
791 2444 893 2520 dicit
907 2470 1016 2532 esse,
1045 2471 1136 2518 eum
1154 2446 1181 2519 ct

141 2574 406 2676 philosophice
422 2577 554 2650 studio
570 2576 629 2649 ad
641 2576 830 2649 militiam
847 2579 1043 2650 transisse.

114 2762 239 2888 leet,
262 2812 276 2847 1
300 2794 426 2872 beatis
447 2825 552 2872 nunc
573 2796 756 2873 Arabum
769 2811 795 2848 ‘²
816 2794 970 2875 invides

114 2923 258 3016 Gazis,
281 2941 320 2999 et
342 2951 473 3000 acrem
492 2923 678 3000 militiam
699 2950 812 3029 paras

164 3051 256 3126 Non
278 3066 369 3125 ante
392 3049 408 3100 3
431 3049 597 3126 devictis
619 3048 766 3127 sabaeae

213 3191 232 3241 4
254 3174 458 3278 Regibus,
485 3171 746 3277 horribilique
771 3171 893 3249 Medo

14 3333 15 3390 i
117 3301 133 3350 ⁵
156 3300 291 3377 Nectis
313 3318 481 3377 catenas.
504 3300 520 3350 ⁶
542 3302 639 3401 Quae
661 3297 734 3373 tibi
755 3296 956 3401 virginum

116 3429 257 3532 Sponso
280 3445 419 3505 necato
441 3426 610 3504 barbara
636 3426 809 3505 serviet?
893 3402 900 3424 .

64 3612 191 3668 rDivitiae
207 3612 344 3686 (utputut
355 3611 472 3687 vulgus)
485 3612 578 3667 beatos
613 3615 681 3666 tiam
694 3629 772 3684 parus
786 3625 882 3665 contra
893 3611 978 3684 Reges
989 3607 1104 3674 Sabure,
1118 3629 1178 3681 quse

15 3751 16 3776 p
36 3688 149 3748 efficiunt.
165 3696 348 3750 assimulatis
368 3697 487 3750 Arabum
503 3696 579 3751 divi·
614 3693 768 3767 AEthiopioe
779 3709 819 3748 est
828 3691 987 3766 Metropolis
994 3707 1022 3745 et
1030 3692 1124 3746 civitas
1133 3708 1183 3742 re-

15 3779 16 3842 J
36 3774 91 3842 15³⁸,
105 3796 215 3849 quarum
228 3781 360 3855 particeps
375 3783 450 3853 cupis
465 3778 521 3832 fieri
532 3800 580 3853 per
615 3779 667 3851 gie.
680 3778 695 3831 5
712 3778 846 3832 Fabricss.

37 3856 414 3935 militiam.3Regibusnoni
432 3864 580 3927 Romanis,
652 3863 670 3916 6
689 3864 758 3933 Ques
781 3864 857 3935 virgo
877 3876 929 3914 tuoe
955 3860 1052 3913 serviet
1071 3852 1182 3908 lrbrdrm

36 3938 180 4002 tedolimub
189 3946 343 4004 Alexandro
353 3945 583 4016 devictis.4Mili·7
617 3946 715 4020 (virgo
725 3943 834 4020 quidem
845 3942 972 4012 barbara,
984 3937 1104 4011 quamvis
1115 3935 1183 4007 pul-5
