2842 4750
313 333 655 391 cauurnun
705 328 822 390 rin.
874 334 960 391 111.
1154 319 1226 395 155

211 465 230 518 ⁸
251 467 474 546 cessantem
498 461 632 538 Bibuli
656 461 833 540 Consulis
854 463 1093 567 amphoram.

162 592 242 669 Nos
266 588 513 673 cantabimus
534 605 551 656 9
573 587 751 664 invicem

214 730 248 767 ¹0
262 717 518 818 Neptunum,
540 730 579 791 et
591 712 739 791 virides
757 729 788 764 ¹1
804 713 1027 791 Nereidum
1045 743 1174 796 comas
1191 750 1202 796 ε

162 856 196 894 ²²
222 845 286 945 Tu
309 870 432 919 curva
457 842 608 920 recines
630 841 718 946 lyra

213 967 407 1046 Latonam
421 1026 442 1064 ‚·
466 986 506 1046 et
530 968 667 1049 celeris
690 964 841 1072 spicula
865 967 899 1020 13
922 968 1104 1072 Cynthiae
1123 1001 1135 1048 r

162 1107 199 1159 ¹4
222 1095 382 1171 Summo
408 1095 611 1188 carmine,
639 1122 729 1198 quae
755 1089 913 1169 Gnidon
1053 1087 1055 1092 ’

214 1215 498 1322 Fulgentesque
522 1233 629 1297 tenet
649 1221 682 1271 ¹⁵
704 1221 924 1326 Cycladas,
949 1235 988 1296 et
1013 1223 1047 1272 ¹⁶
1067 1218 1231 1326 Paphon

163 1341 320 1443 Junctis
341 1345 434 1423 visit
455 1361 489 1415 Ῑ7
512 1347 694 1428 oloribus.
1183 1344 1185 1349 .

213 1467 380 1548 Dicetur
401 1472 543 1553 merita
564 1475 654 1552 Nox
676 1503 834 1579 quoque
858 1474 892 1526 1⁸
913 1472 1055 1552 naenia.

102 1610 310 1685 8Amphoram‚
329 1633 389 1688 quae
402 1611 449 1668 diu
464 1629 630 1671 remanserat
664 1619 803 1671 Venerem
828 1611 1051 1678 celebrabimus,
1075 1633 1135 1686 qun
1157 1626 1233 1668 tenet

71 1691 164 1747 in'vini
180 1695 321 1768 apotheca.
664 1697 779 1754 Gnidon
789 1696 883 1751 urbem
897 1696 993 1751 Carica.
1008 1693 1080 1749 Vide
1090 1693 1151 1750 Ode
1165 1715 1232 1749 nx.

102 1778 191 1849 pPer
210 1781 304 1848 vitea,
328 1782 456 1836 vicissim.
483 1801 515 1836 ro
537 1786 629 1838 Deum
664 1783 713 1838 lib.
728 1804 748 1836 r.
766 1781 797 1834 15
811 1779 883 1834 Vide
893 1777 955 1833 Ode
966 1799 1023 1834 xrv.
1035 1778 1083 1835 lib.
1097 1799 1121 1839 r.,
1134 1779 1255 1834 16111:

72 1863 218 1930 marinum,
235 1862 342 1918 Saturni
360 1864 445 1918 filiurn
458 1867 489 1919 in
501 1865 556 1921 diei
569 1865 629 1922 ferti
664 1865 729 1922 bem
741 1869 771 1919 in
781 1865 871 1938 Cypro
883 1862 1068 1917 clarissimam.
1086 1881 1116 1935 17
1127 1864 1234 1918 Junctia

11 2008 14 2015 .
72 1939 204 1999 honorem.
240 1967 267 1999 rr
293 1946 433 2018 Nereides
462 1965 526 2004 sunt
548 1952 630 2004 maris
665 1951 777 2024 cygnis,
792 1947 889 2023 quibua
903 1944 939 2000 ad
953 1965 1062 2002 currum
1079 1965 1158 2002 auum
1173 1962 1233 2002 tra-

71 2023 215 2102 Nymphoe,
235 2031 319 2085 Nerei
335 2030 405 2086 filie.
425 2051 456 2086 ια
471 2034 516 2086 Tu
531 2035 630 2088 iterum
665 2030 788 2088 handum
802 2033 885 2086 utitur
897 2030 1001 2085 Venus.

71 2108 214 2187 iterumque
229 2133 310 2168 caneo
341 2115 630 2188 rdACyntbomonte
704 2116 738 2168 18
759 2116 823 2169 Nox
843 2115 925 2170 ctiam
944 2112 1096 2168 cantabitur
1112 2113 1233 2168 carmina

72 2192 129 2246 Deli
145 2198 235 2251 Diana
251 2198 400 2273 appellatur
418 2199 556 2272 Cynthia,
571 2220 631 2274 qun
666 2198 776 2264 debito,
789 2198 859 2251 tristi
871 2197 975 2252 scilicet
986 2213 1013 2252 at
1022 2196 1128 2270 lugubri
1139 2234 1147 2263 ‚
1160 2193 1234 2269 quod

72 2274 160 2331 celeris
179 2278 277 2335 dicitur
286 2320 297 2347 ,
315 2283 378 2355 quia
395 2284 520 2336 venatrix
538 2297 588 2336 eat.
666 2300 763 2336 somno
779 2295 806 2334 et
823 2278 959 2346 tenebris,
978 2298 1036 2353 qua
1058 2293 1121 2334 cunt
1138 2279 1234 2332 mortio

71 2362 73 2373 '
105 2369 136 2430 ¹4
161 2361 266 2418 Ultimo
289 2385 336 2421 reu
363 2384 488 2441 supremo
511 2367 631 2422 carmine
665 2368 776 2440 imago,
792 2365 896 2439 optime
908 2364 1047 2419 convenit.

138 2560 234 2636 AD
285 2563 793 2643 MAEGENATEM.
846 2561 933 2638 Ode
966 2558 1153 2638 XXIX.

381 2768 533 2843 Invitat
554 2796 644 2842 eum
666 2761 728 2840 ad
750 2791 915 2841 coenam.

165 2887 512 3015 ¹TYRRHENA
536 2963 673 3042 regum
696 2934 925 3040 progenies,
948 2948 965 2985 ²
986 2932 1066 3008 tibi

162 3057 181 3109 3
204 3061 294 3138 Non
316 3080 406 3139 ante
429 3091 540 3140 verso
566 3064 655 3141 lene
679 3090 834 3138 merum
859 3058 958 3136 cado

217 3188 320 3265 Cum
345 3190 469 3283 flore,
492 3191 717 3281 Maecenas,
743 3212 943 3277 rosarum,
970 3197 1009 3261 et

217 3377 219 3381 -
258 3332 277 3383 4
299 3319 433 3395 Pressa
459 3316 536 3394 tuis
561 3316 726 3393 balanus
751 3311 902 3416 capillis

166 3431 580 3547 ⁵Jamdudum'a'pud
603 3470 667 3519 me
692 3457 759 3518 est.
786 3440 803 3489 ⁶
824 3437 940 3540 Eripe
966 3452 1004 3514 te
1029 3464 1171 3531 morae,

104 3597 116 3630 r
132 3578 174 3633 Ab
190 3579 310 3634 Etruecir
324 3579 429 3653 regibus
444 3579 567 3635 oriundo.
585 3580 631 3636 Sic
666 3599 684 3634 2
695 3584 728 3635 ln
739 3595 817 3633 tuum
829 3577 971 3633 honorem.
986 3576 1002 3631 3
1014 3576 1090 3633 Cedo
1100 3597 1157 3631 non
1168 3590 1237 3630 ante

70 3658 122 3715 Od,
141 3683 161 3715 1.
175 3662 224 3717 lib.
239 3684 259 3717 ι.
276 3662 353 3717 Ordo
368 3678 408 3717 est
427 3682 434 3715 ε
454 3663 481 3716 O
493 3663 631 3718 Maecenas
665 3678 805 3739 prompto,
824 3659 892 3716 cado
911 3682 968 3717 non
988 3676 1051 3716 ante
1071 3664 1177 3714 inverso
1196 3659 1237 3714 ad

70 3743 209 3817 Tyrrhena
223 3751 364 3822 progenies
378 3766 492 3821 regum,
507 3747 631 3821 jamdu-
665 3751 760 3803 vinum
780 3744 1003 3820 depromendum.
1030 3755 1047 3813 4
1070 3744 1156 3798 Glanr
1173 3762 1237 3796 un·

69 3826 132 3883 dum
150 3830 223 3904 apud
241 3849 286 3885 ma
302 3846 342 3885 ert
360 3830 410 3885 tibi
425 3830 488 3887 lene
503 3851 627 3897 merum,
665 3832 804 3905 guencaria
818 3849 922 3903 pressa,
934 3828 964 3881 id
977 3843 1034 3894 est,
1049 3825 1138 3879 oleum
1152 3824 1241 3878 bala-i

68 3929 122 3966 non
138 3923 202 3968 ante
216 3933 293 3969 verro
308 3914 376 3971 cado
394 3935 456 3970 curn
471 3915 536 3970 llore
554 3935 630 3969 maa·
664 3916 762 3968 ninum
781 3932 817 3967 ex
836 3933 867 3967 ea
886 3928 1039 3984 expressum
1058 3926 1106 3980 pro
1127 3906 1237 3980 capillis

69 4010 145 4067 tum,
164 4012 193 4051 et
207 3997 320 4053 balanus
338 4002 497 4074 promtius
515 3998 631 4076 capillis..
664 4000 727 4055 tuis.
747 3998 833 4070 biam
848 3995 986 4061 diudomi
1004 4011 1072 4046 maa
1091 4005 1140 4045 ert.
1159 3991 1236 4048 eTe
