2842 4750
340 307 688 362 sannounn
739 306 854 361 tte
905 307 932 361 n
1139 263 1213 363 a&

37 431 75 484 ³8
92 431 171 506 His
187 456 251 512 me
269 428 465 520 consolor,
482 425 654 504 victurus
668 424 851 530 suavius,
868 423 902 490 39
917 451 964 497 ac
981 423 1013 498 si
1119 487 1122 494 .

38 555 224 654 Quaestor
240 580 357 646 avus,
372 569 482 655 patet
503 569 620 655 atque
636 578 773 642 meus,
789 538 1024 654 patruusque
1042 546 1184 624 fuisset.

76 702 117 756 58
138 704 202 760 Hae
214 705 271 757 rita
286 723 331 760 me
346 700 479 759 consolor.
499 700 536 776 39
557 701 670 758 suavius
685 720 768 776 quam
784 702 807 755 ti
823 697 838 754 ἑ
853 700 958 755 familia
973 716 1058 754 essem
1073 698 1218 766 senatori&

361 888 705 976 SATYRA
755 896 899 977 VII.

62 1088 231 1158 Rixum
259 1084 413 1183 Rupilii
440 1100 699 1182 cognomento
730 1085 973 1179 Regianum
1006 1076 1194 1153 Graeculo

348 1210 521 1307 quodam
544 1208 711 1282 Persico
738 1206 933 1284 describit

39 1337 91 1452 Ρ
95 1400 323 1453 noscnrrrl
339 1392 359 1479 1*
370 1376 492 1481 Regis
511 1375 648 1478 Rupili
661 1391 677 1427 ²
691 1402 762 1479 pus
779 1389 896 1479 atque
911 1399 1106 1451 venenum
1122 1430 1136 1465 ,

36 1506 54 1557 3
75 1504 266 1609 Hybrida
281 1535 360 1610 quo
372 1523 485 1610 pacto
502 1505 552 1583 sit
568 1504 723 1582 Persius
739 1504 867 1597 ultus,
884 1502 1021 1606 opinor

38 1633 246 1710 Omnibus
263 1650 333 1710 et4
347 1634 463 1739 lippis
478 1649 643 1727 notum,
669 1651 708 1709 et
722 1634 738 1684 ⁵
752 1611 966 1709 tonsoribus
982 1657 1075 1706 esse.

38 1758 204 1835 Persius
222 1758 287 1834 hic
305 1786 517 1862 permagna
534 1756 691 1861 negotia
706 1757 815 1834 dives
831 1754 1005 1831 habebat

39 1887 57 1935 ⁶
76 1886 357 1981 Clazomenis,
377 1886 499 1963 etiam
514 1884 602 1964 lites
618 1913 709 1962 cum
726 1902 743 1953 7
758 1887 869 1990 Rege
886 1884 1089 1976 molestas;
1203 1888 1214 1980 j
1257 1925 1260 1933 ·

41 2011 59 2060 ³
73 2013 213 2089 Durus
229 2011 345 2088 homo
360 2070 372 2105 ,
386 2028 533 2116 atque9
548 2011 637 2096 odio
651 2011 720 2115 qui
736 2026 858 2113 posset
871 2009 1030 2087 vincere
1045 2008 1218 2109 Regem

43 2151 77 2189 ¹0
95 2136 335 2231 Confidens,
358 2153 388 2188 11
405 2137 653 2243 tumidusque
667 2171 679 2232 ;
699 2137 797 2213 adeo
811 2134 995 2213 sermonis
1009 2132 1160 2224 amari,

43 2273 76 2310 1²
94 2261 305 2353 Sisennas‚
327 2261 489 2354 Barros,
515 2260 606 2369 ¹3tut
622 2260 732 2365 equis
748 2274 999 2363 praecurreret
1015 2254 1128 2334 albis.

42 2389 110 2464 Ad
126 2389 286 2491 Regem
303 2391 431 2470 redeo.
456 2389 790 2495 Postquam'nihil
806 2390 908 2466 inter
923 2406 1135 2492 utrumque

44 2509 243 2593 Convenit
260 2519 277 2617 (
292 2531 324 2583 14
341 2515 416 2594 boc
434 2516 580 2594 etenim
596 2533 684 2593 sunt
699 2543 833 2593 omnes
847 2514 930 2614 jure
947 2504 1098 2591 molesti
1115 2571 1129 2604 ‚

45 2640 132 2737 Quo
148 2640 294 2733 fortes,
317 2641 460 2746 quibus
475 2643 682 2720 adversum
700 2642 850 2719 bellum
865 2640 1018 2731 incidit.
1046 2640 1152 2714 Inter

20 2768 22 2771 ’
44 2762 219 2841 Hectora
237 2766 269 2816 1⁵
284 2761 536 2861 Priamiden,
557 2772 855 2873 animosumque
869 2767 972 2843 inter
992 2763 1216 2854 Achillem,

44 2888 106 2964 Ira
125 2890 205 2965 fuit
221 2886 423 2990 capitalis,
445 2893 478 2943 1⁶
493 2909 538 2968 ut
554 2892 694 2970 ultima
717 2893 912 2971 divideret
925 2920 1051 2969 mors:

80 3059 91 3091 1
113 3041 193 3092 Inter
208 3037 345 3112 Rupilium
359 3058 539 3113 cognomento
554 3045 612 3098 Re—
646 3044 781 3118 loquaces.
794 3044 810 3097 5
822 3043 903 3118 Apud
915 3060 1037 3098 tonsores
1049 3038 1146 3095 multas
1158 3039 1214 3096 diei

45 3139 103 3191 gem
129 3137 160 3177 et
186 3123 307 3200 Persium
332 3123 477 3197 quemdam
501 3128 612 3191 natione
647 3126 727 3180 horas
739 3140 884 3181 conterunt
896 3125 1029 3200 loquaces.
1060 3132 1062 3139 “

45 3204 171 3262 Graecum
184 3204 305 3262 molestae
314 3207 375 3261 lites
386 3209 543 3262 extiterunt.
556 3211 614 3263 flu·
684 3210 702 3262 6
720 3209 793 3263 Urbe
806 3210 885 3263 Asiae.
900 3228 915 3281 7
929 3208 998 3263 Cum
1010 3210 1081 3282 Rege
1095 3209 1215 3282 Rupilio.

47 3288 123 3359 pilius
135 3292 171 3346 ab
183 3293 304 3364 Augusto
316 3293 346 3344 in
358 3292 528 3345 triumviratu
537 3312 613 3366 prot-
649 3294 666 3344 8
689 3294 772 3347 Durae
793 3293 904 3346 cervicis
928 3291 1019 3347 homo.
1040 3312 1058 3366 9
1075 3292 1219 3347 Orationis

49 3373 144 3444 criptas
159 3373 230 3448 fugit
243 3372 277 3427 ad
292 3374 485 3439 Brutum‚nbi
499 3375 613 3428 Horatio
648 3375 803 3431 acerbitate.
833 3393 864 3427 ro
882 3372 987 3429 Audax.
1014 3396 1041 3428 rr
1067 3375 1218 3449 Superbus.

51 3464 113 3507 tunc
133 3457 245 3513 tribuno
270 3457 389 3514 militum
416 3457 612 3529 ignobilitatem
651 3479 684 3512 12
697 3458 885 3512 Nobilissimos
900 3460 1103 3513 conviciatores.
1127 3458 1158 3510 13
1173 3457 1216 3509 Uc'
1277 3458 1278 3463 ’

52 3540 220 3608 exprobrasse
241 3541 359 3608 ferunt,
385 3544 431 3614 qui
456 3562 530 3596 nunc
552 3562 612 3597 eam
647 3543 727 3615 longe
742 3559 886 3617 superaret.
903 3545 980 3616 Equi
998 3544 1060 3597 albi
1076 3542 1221 3595 dicuntur·

49 3623 241 3676 contumeliam
255 3623 349 3678 ulcisci
368 3623 518 3678 contendit.
647 3633 774 3678 omnium
790 3629 937 3681 celerrimi.

84 3703 385 3774 aPuevenenosum,id
395 3725 450 3773 est,
459 3707 612 3780 pestiferam
686 3718 717 3776 ¹4
731 3708 834 3764 Omnes
844 3710 949 3765 molesti
960 3730 992 3765 eo
1003 3709 1145 3778 euntium,
1156 3725 1217 3778 quo.

49 3783 277 3843 maledicentiam.
299 3791 315 3844 5
339 3791 462 3864 Hybrida
480 3803 515 3847 ex
535 3800 622 3866 patre·
645 3793 743 3858 fortes,
753 3792 782 3845 id
793 3810 849 3863 est,
862 3794 986 3848 eamdem
998 3792 1047 3845 sibi
1058 3789 1212 3863 libertatem

50 3867 167 3920 Asiatico
189 3887 216 3924 et
232 3890 314 3931 matre
332 3878 410 3931 Rom.
427 3892 516 3929 natus.
530 3877 609 3950 tingi.
646 3873 801 3930 vendicant.
816 3878 845 3930 15
857 3879 954 3930 Priami
964 3874 1058 3929 fflium.
1072 3870 1215 3927 thttole.

50 3966 68 4000 a
85 3958 230 4025 mougrell.
255 3965 271 4025 4
290 3959 368 4036 Lippi
387 3959 468 4015 adse
489 3958 612 4014 alliciunt
647 3977 718 4011 mors
731 3957 808 4015 litem
821 3959 969 4026 dirimeret.
