2842 4750
310 345 651 405 SERMONUM
700 343 813 400 LIB.
866 346 920 398 11.

42 500 72 553 71
90 485 219 574 Tene,
233 496 277 556 ut
293 506 363 583 ego
378 475 549 579 accipiar
565 473 689 566 laute,
705 470 922 576 torquerier
938 468 1044 544 omni

42 605 305 685 sollicitudine
327 591 567 679 districtum?
593 615 627 667 7²
650 625 699 674 nc
724 596 834 701 panis
861 595 1039 685 adustus,

42 734 100 807 Ne
113 731 218 807 male
237 729 437 806 conditum
452 728 513 827 jus
530 742 765 831 apponatur3
782 740 825 799 ut
842 747 975 799 omnes

41 845 242 935 Praecincti
257 874 359 933 recte
376 856 506 960 pueri,
521 854 742 959 comptique
759 851 1003 927 ministrent?

38 985 151 1062 Adde
180 985 249 1061 hos
274 1001 456 1088 praeterea
481 1012 613 1061 casus:
640 981 764 1058 aulaea
790 996 905 1056 ruant
933 979 992 1072 si,

40 1107 92 1183 Ut
109 1109 242 1203 modo,
257 1109 288 1184 si
307 1110 480 1213 patinam
496 1111 593 1213 pede
611 1108 738 1212 lapsus
755 1106 909 1209 frangat
924 1105 958 1174 73
974 1131 1102 1209 agaso.

38 1231 114 1306 Sed
136 1233 414 1327 convivatoris,
437 1249 471 1301 74
494 1233 552 1309 uti
578 1232 714 1323 ducis,
742 1229 944 1333 ingenium
968 1255 1028 1306 res

36 1357 224 1433 Advorsae
245 1359 391 1435 nudare
413 1358 554 1450 solent,
577 1358 702 1433 celare
728 1354 918 1433 sec'undae.

35 1480 269 1559 Nasidienus
283 1484 332 1558 ad
349 1482 455 1560 haec:
472 1482 584 1575 Tibi,
597 1482 670 1572 Di,
684 1481 718 1548 7⁵
736 1505 993 1583 quaecumque
1008 1476 1196 1581 preceris,

37 1605 250 1681 Commoda
268 1606 377 1683 dent!
396 1609 451 1682 ita
469 1607 530 1682 vit
548 1605 670 1683 bonus
686 1633 742 1697 es,
761 1603 1003 1707 convivaque
1024 1602 1151 1681 cornis.

37 1728 73 1790 7⁶
88 1728 138 1804 Et
154 1730 273 1807 solcas
290 1732 422 1835 poscit.
440 1748 473 1798 77
492 1736 595 1808 Tum
611 1731 653 1806 in
670 1730 770 1805 lecto
789 1755 943 1833 quoque
958 1727 1111 1804 videres

37 1858 207 1938 Stridore
232 1878 379 1939 secreta
404 1862 547 1940 divisos
570 1888 665 1939 aure
685 1887 867 1939 susurros.

442 2027 790 2103 Horarrun

36 2175 171 2254 Nullos
196 2180 230 2246 73
252 2178 313 2256 his
331 2178 490 2257 mallem
510 2180 620 2256 ludos
643 2183 854 2283 spectdsse:
880 2180 948 2257 sed
979 2177 1050 2257 illa

37 2316 69 2370 7⁹
91 2304 257 2400 Redde,
281 2333 381 2412 age,
405 2335 494 2410 quae
518 2307 699 2411 deinceps
719 2305 846 2385 risisti.

422 2474 810 2550 Furnaurus

893 2624 1078 2706 Vibidius
1097 2623 1190 2701 dum

35 2750 183 2851 Quaerit
198 2751 245 2827 de
263 2753 410 2853 pueris,
429 2782 523 2828 num
540 2752 589 2830 sit
606 2781 759 2856 quoque
777 2753 811 2806 80
829 2752 951 2827 fracta
968 2751 1131 2854 lagena,

36 2875 150 2974 Quod
167 2871 242 2947 sibi
261 2874 430 2972 poscenti
447 2903 523 2949 non
541 2876 679 2951 dentur
695 2874 855 2977 pocula3
871 2875 1043 2975 dumque

35 2997 204 3071 Ridetur
223 2996 254 3047 ³¹
276 2996 375 3070 fictis
395 3025 547 3089 rerum,
571 2999 774 3074 Balatrone
794 2999 827 3049 ³²
851 2998 1041 3087 secundo,

34 3116 272 3220 Nasidicne,
295 3119 398 3227 redis
420 3119 453 3171 83
476 3137 633 3196 mutatae
653 3121 807 3213 frontis,
831 3137 875 3196 ut
900 3135 982 3194 arte

63 3343 94 3396 7¹
106 3325 185 3382 Tenc
194 3345 298 3399 aequum
309 3340 348 3380 cst
357 3325 486 3378 cruciarii
495 3345 529 3398 72
539 3327 594 3379 ttr-
629 3326 804 3382 calceamenti
817 3325 962 3400 significat,
975 3346 1028 3402 quo
1037 3328 1187 3402 plantarum

38 3403 132 3461 dicula
147 3423 191 3461 ese
207 3415 295 3460 totius
313 3423 464 3480 apparatus
484 3428 595 3461 enume-
629 3410 716 3464 calces
730 3410 829 3463 infima
841 3424 982 3482 teguntur,
1000 3412 1090 3485 quales
1102 3415 1189 3470 ferme

41 3495 121 3545 ratio.
138 3491 173 3561 73
189 3492 244 3559 Qui
259 3493 379 3561 jumenta
394 3506 484 3559 curat,
504 3491 594 3565 quales
629 3493 785 3547 Graecorum
803 3490 926 3565 crepida.

39 3587 112 3627 etant
120 3573 260 3628 Nasidieni
272 3575 396 3627 ministri.
510 3641 516 3651 κ
665 3594 699 3646 77
722 3577 794 3628 Tum
818 3577 848 3628 in
869 3575 978 3649 siugulis
995 3576 1073 3633 lectis
1093 3576 1189 3634 videro

71 3665 106 3726 74
129 3655 363 3725 Quemadmodum
388 3657 563 3730 Imperatoris.
625 3657 725 3713 licebat
741 3660 868 3712 convivae
886 3676 1109 3715 consusunantee.

72 3737 106 3807 75
123 3738 302 3813 Quacumque
318 3757 401 3813 optes.
664 3743 698 3813 78
714 3742 803 3811 Quam
820 3740 879 3795 hos.
900 3761 934 3815 79
950 3742 1072 3797 Declara.
1162 3746 1165 3749 ’

73 3818 109 3889 76
118 3818 206 3873 Soleae
214 3838 332 3875 veterum
338 3842 412 3876 more
419 3822 590 3897 deposuerat,
662 3825 697 3877 80
706 3823 857 3879 Aulaeorum
871 3843 942 3880 casu.
955 3827 986 3878 81
1004 3824 1048 3877 Ob
1060 3841 1102 3877 rea
1111 3841 1185 3897 con-j

38 3914 179 3974 antequam
201 3907 376 3960 accumberet.
401 3907 498 3973 Solea,
521 3907 592 3980 quod
625 3907 708 3965 fictas.
720 3909 754 3960 82
765 3906 907 3961 Balatrone
917 3904 1103 3979 applaudente,
1255 3900 1261 3905 ¹

39 3982 113 4059 pedis
125 3985 181 4040 solo
194 3988 348 4064 subjicitur,
366 3989 395 4044 id
409 4010 488 4047 omne
507 4011 592 4065 genua
665 3989 702 4060 83
729 3988 810 4047 Redis
831 3990 949 4045 hilarior.
