2842 4750
639 238 686 351 o.
739 277 1017 338 nonum

352 407 421 485 Me
446 404 640 501 Colchus,
668 425 707 484 et
732 408 801 512 qui
830 409 1046 487 dissimulat
1067 425 1216 489 metum

348 536 384 587 ¹⁶
409 534 552 612 Marsae
583 535 751 611 cohortis
781 538 943 632 Dacus,
970 557 1008 616 et
1032 540 1164 616 ultimi
1232 548 1235 557 “

282 736 285 739 ,
396 656 624 735 Noscensu
645 656 786 735 Geloni
807 692 816 737 :
841 689 905 738 me
932 661 1076 765 peritus

449 784 587 861 Diseet
613 785 647 837 1⁸
666 786 785 881 Iber,
809 804 842 858 Ι9
867 789 1134 896 Rhodanique
1159 807 1290 895 poton.

347 924 383 965 20
404 908 548 986 Absint
570 910 680 988 inani
707 910 844 990 funere
870 915 1038 1009 naeniae,

346 1040 571 1142 Luctusque
597 1054 755 1143 turpes,
780 1056 820 1117 et
843 1042 1126 1146 querimoniae:

396 1167 606 1270 Compesce
632 1166 872 1262 clamorem,
897 1196 945 1246 ao
970 1169 1170 1273 sepulchri
1238 1228 1241 1233 ,

438 1305 471 1343 ²¹
498 1291 615 1369 Mitte
641 1321 901 1397 supervacuos
926 1294 1103 1375 honores.

372 1442 376 1463 i

248 1496 326 1543 reas,
343 1475 389 1531 ubi
402 1473 459 1530 dies
470 1487 509 1528 est
517 1493 566 1530 tex
574 1475 708 1531 mensium
720 1490 746 1530 et
754 1494 811 1533 nox
845 1478 924 1543 vius,
937 1491 1026 1532 ortum
1040 1478 1142 1533 ducens
1154 1496 1189 1533 ex
1201 1478 1326 1555 Alpibus,
1344 1496 1392 1552 qun

246 1561 377 1626 totidem,
388 1577 461 1612 anno
470 1560 500 1610 in
508 1555 574 1611 duas
582 1568 671 1632 partes
677 1555 774 1613 diviso.
846 1557 952 1613 lteh'am
966 1560 981 1613 h
996 1560 1088 1614 Gallia
1099 1558 1235 1617 dividunt.
1261 1589 1264 1593 ·

288 1645 321 1698 16
340 1643 424 1695 Marsi
433 1655 503 1694 sunt
515 1639 607 1714 populi
621 1637 704 1694 Italiae
720 1680 728 1707 ,
745 1659 811 1715 quos
883 1660 919 1696 20
931 1642 1028 1698 Absint
1048 1647 1168 1712 naenioe,
1193 1646 1222 1699 id
1243 1661 1300 1713 est,
1318 1644 1392 1700 absint

247 1731 359 1793 Dacus,
376 1726 498 1800 quamvis
512 1741 605 1777 revera
619 1724 715 1790 timet,
736 1723 813 1796 fingit
846 1727 969 1779 carmina
979 1726 1102 1781 fimehria
1115 1727 1234 1783 &funere
1244 1749 1305 1784 meo
1314 1727 1391 1793 inani,

246 1826 340 1866 tamen
353 1826 446 1863 senon
456 1809 561 1869 timere.
579 1824 609 1879 17
626 1805 744 1879 Scythiae
756 1826 811 1881 po·
846 1806 937 1875 idest,
953 1810 1036 1865 inane
1048 1810 1169 1886 appello,
1186 1813 1390 1887 quiamihimor-

225 1958 229 1963 ῃ
248 1893 324 1969 puli:
339 1891 401 1945 vide
414 1907 492 1965 supra
501 1888 564 1944 Ode
575 1909 614 1943 ix.
629 1890 662 1941 18
675 1889 811 1963 Hispanus
845 1906 893 1945 tuo
905 1890 986 1947 funus
1002 1892 1072 1947 nihil
1090 1893 1230 1967 proderit:
1245 1915 1308 1950 nam
1318 1897 1390 1949 inse·

246 1992 298 2030 usu
313 1977 434 2050 pexitus,
458 1986 565 2048 propter
589 1969 670 2044 longa
695 1970 766 2025 bella
783 1986 811 2025 et
845 1972 958 2047 pulchro
980 1977 1113 2032 contineri
1132 1998 1190 2032 non
1206 1998 1329 2052 possum,
1351 1970 1390 2029 sed

248 2061 434 2133 navigationes
442 2054 569 2112 assiduus.
584 2053 720 2130 19Gallu‘s
732 2058 810 2129 Lug-
844 2057 1003 2113 immortalis
1026 2058 1130 2116 futurus
1143 2054 1290 2135 ¹poetarum
1310 2059 1363 2116 alen.

249 2143 387 2200 dunensis
409 2141 556 2199 Rhodanus
579 2154 621 2198 est
638 2135 736 2195 Gallie
753 2138 811 2205 flu-¹
844 2155 877 2195 ,Ἡ
894 2140 1011 2212 Οιιιίῑεε.ι
