2842 4750
369 363 619 421 arooou
670 362 876 418 troam
1122 332 1197 414 ιώ

180 493 336 599 Equina
358 495 375 545 ⁶
399 492 539 597 quales
557 492 709 584 ubera,

128 620 389 723 7Venterque
405 615 535 694 mollis
548 673 565 709 ,,
588 631 627 692 et
643 615 772 692 femur
788 613 806 665 ⁸
822 610 1060 692 tumentibus

176 745 290 824 Exile
315 744 414 823 suris
437 744 630 823 additum.
739 801 742 807 -

126 889 145 943 9
161 872 253 949 Esto
277 870 396 949 beata
416 901 426 948 ε
448 871 565 948 funus
584 887 703 974 atque
719 868 917 973 imagines

179 1011 213 1049 10
233 996 394 1070 Ducant
415 992 678 1098 triumphales
697 998 837 1070 tuumt

126 1124 214 1203 Nec
237 1100 449 1199 sit'marita
462 1180 474 1215 ‚
488 1166 489 1169 =
503 1149 591 1225 quae
611 1116 903 1196 rotundioribus

178 1254 330 1329 Onusta
352 1265 383 1302 1¹
406 1248 539 1326 baccis
563 1246 751 1326 ambulet.
894 1254 896 1260 ’

127 1377 261 1482 Quid,
286 1376 392 1481 quod
411 1392 444 1427 ¹2
468 1374 596 1450 libelli
616 1373 740 1451 Stoici
758 1372 864 1450 iuter
880 1371 1017 1451 sericos

178 1503 321 1578 Jacere
346 1498 529 1602 pulvillos
551 1497 583 1549 ¹3
607 1505 775 1576 amant?

126 1642 164 1695 14
179 1626 362 1705 Illiterati
383 1655 481 1704 uum
504 1625 634 1703 minus
658 1625 771 1704 nervi
791 1625 948 1731 rigent,

178 1752 364 1835 Minusve
384 1755 545 1860 languet
567 1757 600 1807 ¹⁵
623 1754 850 1836 fascinum?

125 1883 242 1986 Quod
265 1897 309 1958 ut
331 1884 365 1934 ¹⁶
382 1881 548 1985 superbo
564 1910 748 1986 provoces
771 1881 824 1958 ab
844 1881 1036 1988 inguine,

178 2027 215 2080 ¹⁷
238 2014 317 2090 Ore
343 1988 644 2091 allaborandum
664 2028 722 2090 est
744 2011 832 2092 tibi.
1056 2004 1059 2011 ’

66 2179 593 2255 dTaiesmammae,qualiasuntequins
629 2173 1198 2235 utadvenientsamstoredoctsethonests

36 2260 117 2317 ubera.
142 2283 159 2335 7
177 2266 284 2318 Venter
301 2282 412 2337 rugosus
432 2279 459 2319 et
479 2262 592 2318 luridus.
629 2263 753 2318 videatur
772 2282 839 2318 etse.

36 2343 50 2396 8
70 2345 103 2401 Et
116 2346 275 2423 hydropicis
295 2348 362 2402 surii
383 2346 482 2422 gracile
506 2346 595 2402 femur
669 2348 700 2405 13
715 2345 820 2403 Solent.
840 2355 871 2414 ¹4
886 2345 1084 2404 Ineruditorurn
1097 2348 1197 2415 nervi,·

36 2430 193 2501 appositum,
207 2429 285 2503 quod
294 2451 366 2504 soeps
378 2437 419 2485 sic
430 2437 465 2486 in
474 2430 593 2485 tabidis.
630 2431 685 2508 (id
697 2447 751 2498 est,
766 2450 849 2510 penes
861 2429 904 2488 vel
915 2429 1062 2510 mentulp)
1073 2433 1131 2510 sino
1144 2429 1197 2484 lit-

64 2530 81 2583 9
98 2514 181 2569 Dives
199 2527 256 2567 etto
270 2528 299 2568 et
311 2513 421 2569 nobilis.
438 2533 470 2568 to
484 2514 594 2568 Praeco-
621 2515 710 2583 uteris.
725 2534 792 2568 num
805 2516 895 2568 minuo
906 2514 1074 2587 arriguntur?
1088 2514 1118 2567 15
1130 2514 1196 2568 Fos-

36 2589 93 2657 dant
98 2594 175 2651 funus
181 2612 262 2651 tuum
268 2598 400 2670 imagines
405 2595 595 2671 triumphales,
630 2600 723 2652 einum
733 2605 774 2651 est
782 2596 860 2651 virile
871 2596 1038 2662 membrum,
1049 2598 1125 2668 cujus
1134 2609 1199 2670 spei
1218 2603 1222 2612 '

35 2671 59 2728 id
68 2692 118 2745 est,
126 2680 264 2755 imagines
274 2680 405 2752 majorum
414 2696 538 2746 tuorum,
549 2682 595 2754 qui
630 2683 686 2736 cies
698 2684 714 2734 ὸ
726 2678 797 2736 collo
812 2680 888 2754 pueri
902 2698 1030 2754 suspensa
1041 2679 1198 2733 fascinatio-

36 2759 595 2837 trimphtmnt,addsclarandsrngeneris
630 2764 711 2819 nibus
734 2778 791 2818 erat
811 2763 943 2818 remedio.
970 2763 1002 2818 16
1023 2761 1065 2817 Ab
1084 2764 1198 2836 inguine

37 2842 71 2893 tui
82 2847 278 2921 antiquitatem.
299 2867 328 2899 ιι
345 2847 515 2917 Unionibus‚
528 2865 595 2923 quos
629 2847 777 2902 fastidioso.
798 2865 828 2919 17
845 2843 964 2921 Lingua)
979 2845 1056 2901 Adeo
1070 2845 1200 2901 obscoena

38 2926 178 2983 rotunditas
192 2928 315 2985 reddidit
328 2932 467 3005 pretiosos.
629 2945 694 2984 sunt
705 2931 775 2998 ista,
788 2944 819 2984 ut
836 2929 910 2984 salvs
925 2926 1092 2985 verecundia
1104 2927 1197 3000 expli:

48 3009 292 3087 ¹ral’hilosophiee
301 3012 421 3069 studium
430 3033 484 3087 prat
493 3012 594 3083 refert,
631 3016 688 3068 cari
702 3033 760 3068 non
774 3013 885 3087 possint.
917 3065 919 3072 ,

150 3210 250 3288 AD
301 3208 809 3287 MAECENATEM.
860 3207 948 3285 Ode
982 3208 1066 3286 IX.

129 3392 341 3555 Quium
361 3449 376 3487 1
397 3451 592 3539 repostum
611 3433 827 3515 Caeoubum
845 3435 897 3511 ad
918 3411 1033 3514 ¹festas
1053 3433 1198 3539 dapes,

2 3619 5 3702 p
175 3576 193 3612 ²
207 3560 371 3642 Victore
395 3561 509 3639 laetus.
527 3564 678 3642 cesare
697 3622 713 3655 ,

3 3703 4 3720 ¹
126 3692 285 3766 Tecum
305 3688 376 3767 sub
400 3688 479 3767 alta
503 3690 593 3793 (sic
607 3691 702 3769 Jovi
720 3691 909 3796 3¹gratum
925 3694 945 3793 )
961 3693 1102 3782 domo,

68 3853 195 3908 ovinum
208 3853 357 3910 Caecubum
369 3868 596 3912 serratumetre·
631 3873 658 3912 et
691 3856 864 3934 Cleopatram
896 3827 1000 3915 cesar
1016 3870 1195 3931 superaverat.
1304 3870 1307 3876 ’

38 3934 142 4000 positum
157 3935 198 3991 od
211 3936 293 3990 festas
307 3935 407 4010 epulas.
428 3936 602 4012 alnpraelio·
630 3939 648 3994 3
671 3939 809 4017 Gratum,
830 3945 893 4018 quia
915 3943 1020 4015 Jupiter
1039 3952 1134 3998 tortor
1155 3956 1197 3998 ott

3 4077 4 4082 η
38 4015 118 4073 nisui
137 4017 213 4095 apud
230 4019 361 4091 sctum,
379 4020 430 4078 ubi
445 4022 597 4078 Antonium
630 4024 761 4100 u'tetorite·¹
