2842 4750
250 269 297 347 16
639 289 678 360 Q
732 288 1008 347 aoaar11
1111 272 1114 277 ’

247 394 328 475 Cur.
354 422 481 500 neque
500 411 518 463 7
537 392 718 470 militaris

299 517 406 603 Inter
420 517 588 622 aequales
601 519 749 623 equitet
763 577 775 613 ,
791 519 808 571 ⁸
825 517 978 598 Gallica
991 546 1065 598 nec
1080 537 1096 589 9
1114 515 1256 625 lupatis

246 659 281 703 ¹0
306 650 513 750 Temperet
536 674 603 722 ora
629 646 789 726 fraenis?

296 778 377 855 Cur
391 776 502 852 timet
515 777 661 851 flavum
676 774 854 853 Tiberim
872 789 902 829 ¹1
920 786 1104 882 tangeret
1129 792 1161 828 ¹²
1178 804 1247 852 cur
1261 775 1404 854 olivam

247 901 441 1006 Sanguine
473 901 504 953 ¹³
533 902 710 1002 viperino

297 1031 460 1110 Cautius
474 1030 598 1107 vitat?
616 1055 743 1133 neque
757 1028 838 1128 iarn
857 1028 983 1106 livida
998 1045 1120 1136 gestat
1136 1045 1169 1097 14
1185 1031 1305 1109 armis

186 1172 190 1183 '
248 1157 444 1248 Brachia,
469 1183 567 1257 saepe
588 1156 619 1206 ¹⁵
647 1156 783 1248 disce,

255 1272 259 1281 ⁸
301 1284 334 1333 1⁶
349 1282 456 1382 Saepe
473 1297 575 1355 trans
590 1278 708 1355 finem
726 1274 853 1378 jaculo
870 1273 1012 1355 nobilis
1026 1276 1233 1383 expedito?

165 1480 167 1487 χ
249 1422 283 1476 17
307 1404 412 1507 Quid
429 1402 549 1494 latet,
572 1416 617 1477 ut
632 1401 795 1478 marinae

299 1529 332 1582 18
345 1525 489 1608 Filium
507 1526 644 1602 dicunt
659 1526 839 1606 Thetidis
853 1544 885 1596 Ῐ9
900 1523 971 1604 sub
985 1523 1200 1633 lacrymosa
1218 1522 1349 1626 Trojae

250 1655 406 1733 Funera
422 1686 431 1730 z
447 1668 482 1703 20
498 1679 546 1726 ne
561 1650 685 1728 virilis

299 1781 436 1860 Cultus
457 1779 500 1857 in
518 1779 684 1872 caedem,
707 1793 746 1856 et
760 1795 792 1832 ²¹
811 1775 953 1884 Lycias
972 1776 1181 1885 proriperet
1197 1778 1404 1858 catervas?

249 1921 305 1978 lem
322 1937 349 1977 et
364 1919 430 1976 alios
449 1919 531 1973 etiam
547 1917 651 1973 labores
671 1917 809 1979 militares.
846 1921 949 1977 fortiter
964 1938 990 1977 et
1001 1921 1124 1996 expedite
1134 1923 1240 1975 emisso.

250 2025 267 2079 7
281 2005 429 2060 Militarem
441 2002 471 2056 in
487 2021 600 2058 morem.
617 2002 811 2057 8Gallicorum
900 2025 929 2076 ¹7
946 2005 1003 2060 Cur
1013 2025 1070 2058 non
1083 2002 1172 2078 prodit
1192 2002 1301 2077 Sybarin
1311 2004 1340 2056 in
1353 2021 1403 2076 pu·

251 2107 381 2163 equorum
397 2105 452 2141 ora.
470 2088 596 2158 9Frania
607 2089 690 2140 instar
699 2087 811 2160 lupino·
846 2088 967 2154 blicum,
985 2089 1116 2142 sedimen
1132 2089 1289 2141 meretrices
1307 2086 1370 2140 latet
1381 2098 1404 2136 et

249 2191 310 2226 rum
329 2169 451 2224 dentium
469 2170 568 2242 asperia
586 2184 613 2223 et
635 2170 811 2243 inequalibus.
849 2172 1017 2227 emollescit?
1032 2173 1063 2224 18
1073 2169 1208 2225 Achillem
1218 2211 1226 2235 ‚
1236 2173 1285 2244 qni
1299 2173 1314 2224 l
1326 2184 1402 2223 matre

249 2275 286 2311 ao
302 2252 458 2308 Moderatur
471 2267 498 2306 et
510 2253 560 2305 sibi
579 2272 672 2337 parere
686 2253 791 2308 doceat.
849 2255 965 2310 Thetide
983 2255 1076 2309 habitu
1095 2253 1206 2327 puellari
1223 2252 1353 2320 indutus,
1372 2268 1403 2302 ne

291 2348 319 2392 ιί
337 2337 459 2392 Tiberim
472 2350 586 2391 tranare.
604 2354 635 2390 12
649 2337 704 2392 Cur
713 2336 813 2392 luctam
849 2354 1054 2413 agnosceretur,
1074 2340 1103 2391 in
1120 2335 1236 2390 insulem
1249 2336 1361 2414 Scymrn
1374 2330 1403 2387 ad

248 2420 812 2493 horret?Luctaturiutebanturunguento‚
848 2422 1010 2478 Diomedem
1020 2438 1060 2476 eat
1068 2420 1402 2492 deductue.19l'auloanta

250 2501 551 2580 quodexceraiitoleo
564 2503 681 2555 subacta.
700 2503 730 2554 13
744 2503 814 2556 San·
848 2507 1016 2567 eversionem
1044 2505 1143 2570 Troice.
1176 2522 1210 2557 ao
1235 2503 1280 2555 Ne
1303 2504 1404 2556 vestitui

252 2590 334 2660 gnine
346 2603 490 2639 venenoso.
510 2593 540 2650 14
555 2586 697 2657 Frequenti
720 2604 813 2639 armo-
848 2586 930 2642 virilia
947 2589 1051 2640 eumin
1067 2585 1169 2640 bellum
1182 2587 1334 2655 Troianum
1346 2601 1402 2656 pro-

251 2687 312 2722 rum
330 2659 518 2741 pondere'15
536 2668 620 2719 Disco
640 2665 811 2733 nobilitatum
846 2671 972 2725 traheret.
985 2688 1014 2722 21
1031 2670 1170 2723 Ponuntur
1182 2670 1259 2741 Lycii
1273 2688 1323 2743 pro
1336 2669 1401 2719 Tro-

209 2741 211 2744 *
252 2754 299 2824 qui
311 2748 420 2823 quidem
432 2748 510 2802 ludue
521 2764 578 2802 erat
590 2752 676 2822 primo
686 2748 812 2819 Graecua,
846 2755 933 2826 janis,
948 2752 1043 2826 quibua
1053 2771 1130 2826 opem
1141 2751 1279 2816 ferebant,
1295 2753 1332 2804 eic
1343 2768 1403 2821 cog·

254 2830 353 2887 deiude
366 2831 493 2885 lGr'recis
505 2831 645 2885 translatus
660 2831 695 2885 ad
709 2826 813 2887 Rorna-
847 2835 979 2890 nominati
996 2836 1012 2889 ai
1028 2838 1103 2909 Lyco
1113 2834 1260 2888 Pandionia
1270 2834 1338 2888 filio.

251 2933 310 2971 noa.
336 2912 369 2968 16
386 2912 462 2986 Saepe
480 2912 550 2967 ultra
566 2916 713 2968 terminum
725 2916 814 2989 jaculo

374 3015 1020 3144 Anrnan'raaouu.
1075 3064 1159 3141 eae
1210 3063 1329 3141 rx„

473 3240 625 3339 Hyeme
651 3241 944 3343 indulgendum
970 3245 1172 3343 voluptati.

300 3372 476 3503 VIDES,
493 3428 537 3485 ut
548 3409 627 3486 alta
642 3425 656 3461 1
676 3427 750 3486 stet
765 3411 857 3488 nive
873 3409 1086 3483 candidum
1149 3426 1154 3435 ‘

340 3550 358 3587 ²
371 3537 546 3626 Soracte,
564 3562 636 3609 neo
652 3532 732 3628 jam
748 3531 958 3607 sustineant
975 3533 991 3584 3
1007 3561 1102 3609 onus

290 3706 300 3740 1
317 3683 402 3738 Vides
416 3699 447 3737 ut
457 3682 565 3735 Soracte
577 3684 759 3754 cooperiatur,
771 3682 816 3738 vel
850 3692 923 3766 quod
942 3696 972 3749 in
984 3697 1102 3769 ejusdem
1118 3702 1218 3756 monti,
1231 3699 1358 3779 spelunca
1375 3691 1406 3760 Α

250 3771 267 3825 ὁ
297 3768 444 3840 longinquo
463 3780 588 3836 appareat
607 3767 670 3819 nive
691 3765 811 3839 plenum.
849 3774 997 3850 plurimum
1014 3795 1119 3855 tempus
1138 3803 1166 3841 ee
1182 3790 1346 3847 continuisse
1362 3790 1405 3843 di.

250 3871 269 3906 a
280 3853 362 3905 Mons
380 3851 409 3900 in
422 3845 548 3914 Faliscis,
571 3868 651 3923 qoem
664 3848 746 3905 hodie
761 3870 813 3925 ap-
847 3862 925 3915 citur.

148 3954 152 3961 ·
189 3967 191 3970 v
250 3934 352 4008 pellant
374 3943 495 3988 montem
515 3930 581 3988 Divi
605 3930 766 4012 Sylreatcit,
780 3957 813 3994 eo
885 3942 1128 4026 With-pendat,
