2842 4750
296 312 632 369 cruuruuu
682 311 792 372 ris.-
844 317 901 374 11.
1127 298 1179 378 83

118 445 255 526 Parthi
271 478 282 540 3
301 461 455 521 catenes
479 443 671 538 Parthus,
698 459 737 519 et
762 443 909 520 Italum

3 626 4 703 p
167 572 332 650 Robur:
358 571 426 649 sed
451 571 661 674 improvisa
684 570 784 647 lethi

3 714 4 723 ’
219 713 250 748 ¹1
274 697 347 777 Vis
369 697 523 800 rapuit,
550 698 751 801 rapietque
768 712 919 799 gentes.
954 728 956 731 ·

114 835 151 874 ¹²
174 825 303 926 Quem
324 825 478 926 pene,13
500 824 624 901 furvae
647 853 767 927 regua
793 823 1056 929 Proserpinae,

113 949 166 1023 Et
186 946 427 1050 judicantem
450 948 621 1026 vidimus
648 965 681 1016 Ι4
705 953 900 1042 AEacum,

167 1074 200 1123 ¹⁵
223 1074 416 1177 Sedesque
438 1076 622 1152 discretas
644 1074 821 1181 piorum,
851 1096 891 1154 et

218 1196 252 1245 ¹⁶
274 1196 411 1274 AEoliis
432 1196 575 1273 fidibus
598 1216 826 1301 querentem

114 1319 271 1420 Sappho
296 1319 435 1423 puellis
457 1322 505 1395 de
526 1319 804 1424 popularibus:

116 1457 152 1509 ¹7
173 1445 223 1519 Et
247 1460 284 1518 te
307 1460 507 1520 sonantem
532 1444 683 1547 plenius
706 1472 851 1539 aureo,

66 1636 72 1647 .
168 1570 383 1665 18ΑΙοεθε),
403 1571 549 1672 plectro
575 1572 673 1647 dura
694 1573 832 1665 navis,

218 1699 384 1772 Dura19
409 1698 514 1800 fugae
535 1696 664 1790 mala,
689 1699 787 1774 dura
812 1699 931 1781 belli!

114 1835 152 1873 ²0
175 1794 395 1924 Utrumque
419 1844 527 1898 sacro
549 1819 667 1924 digne
690 1822 844 1902 silentio

116 1942 315 2019 Mirantur
338 1944 487 2020 umbrae
510 1945 669 2038 dicere3
692 1963 723 1999 ²1
748 1947 816 2024 sed
841 1952 966 2054 magis

167 2070 322 2169 Pugnas
349 2084 388 2144 et
409 2086 561 2145 exactos
585 2075 768 2173 tyrannos

216 2197 392 2271 Densum
417 2195 590 2272 humeris
615 2195 716 2273 bibit
738 2223 831 2272 eure
855 2199 1005 2305 vulgus.

114 2319 225 2424 Quid
240 2319 416 2439 mirum?
436 2336 469 2374 2²
486 2319 556 2397 ubi
574 2321 652 2398 illis
669 2320 908 2430 carminibus
925 2342 1076 2429 stupens
1160 2399 1162 2403 .

57 2536 83 2570 ιι
101 2516 159 2572 Sed
171 2514 299 2570 violentia
312 2529 340 2570 et
350 2517 443 2570 mortis
455 2516 577 2571 necessi·
612 2533 725 2573 nentem
738 2517 804 2572 dura
816 2519 888 2572 melu
900 2522 1096 2594 navigationis,
1110 2526 1179 2604 fuga

25 2611 56 2651 tus
71 2602 141 2673 rapit
159 2617 394 2671 unumquemque,
412 2619 486 2653 nunc
504 2600 577 2669 hoc,
613 2616 641 2654 et
653 2591 737 2667 belli,
753 2620 833 2655 aureo
846 2601 948 2675 plectro
959 2643 966 2669 ‚
977 2604 1067 2676 idest,
1083 2612 1179 2666 excel·

3 2693 4 2708 ³
24 2699 84 2737 nunc
98 2680 172 2736 illud
184 2684 334 2735 timentem.
612 2682 681 2737 lenti
698 2682 786 2756 stylo,
802 2704 854 2758 quo
871 2700 997 2759 tyrannos
1012 2710 1041 2743 es
1057 2694 1179 2748 insecta-

55 2784 83 2817 12
98 2768 194 2835 Quam
202 2783 283 2838 parvo
292 2765 433 2818 interstitio
441 2763 475 2818 ab
485 2763 579 2818 inferis
613 2780 664 2818 tus.
688 2767 720 2818 18
739 2768 800 2820 Fuit
816 2766 922 2821 Alcaeus
937 2769 1018 2824 Poeta
1033 2773 1131 2846 lyricus
1148 2781 1179 2833 in

24 2844 99 2916 abbi,
112 2848 144 2901 id
158 2864 217 2914 est,
231 2847 246 2900 l
258 2854 353 2900 morte'.
367 2847 398 2898 13
407 2849 496 2921 Nigrae
506 2848 578 2916 Pro·-
613 2847 765 2917 eloquendo
777 2848 866 2903 brevis
881 2867 908 2905 et
921 2855 1096 2925 magnificus,
1111 2858 1179 2930 plu..

23 2934 142 3003 serpinoe‚
158 2952 217 3004 quae
233 2930 354 2984 Plutonis
368 2948 437 2984 uxor
453 2946 512 2998 est,
527 2934 576 2985 in·
611 2932 762 3003 fimumque
784 2932 904 2986 Homero
926 2935 1027 2988 similis.
1051 2942 1177 3011 Quintil.

3 3009 79 3078 ¹lerni
93 3018 211 3090 regine,
227 3012 289 3067 vide
302 3012 363 3067 Ode
376 3033 473 3067 xxviii.
487 3013 534 3068 lib.
552 3035 575 3069 ι.
616 3012 819 3085 19Exilii,vel
835 3014 902 3087 fuge
920 3015 1049 3088 epraelio.
1078 3022 1177 3077 nodi„
1256 3018 1259 3024 ’

3 3081 4 3160 l
25 3100 172 3164 14Patrem
191 3096 323 3164 Achillis,
338 3098 486 3150 inferorum
504 3099 577 3167 juni·
612 3113 697 3148 ceum
723 3110 750 3147 et
775 3094 881 3167 Sappho
904 3099 1034 3151 mirentur
1052 3106 1177 3174 umbrae,

3 3171 4 3232 l
22 3193 94 3235 torem
104 3198 134 3236 et
143 3182 161 3235 J
164 3179 279 3234 udicem.
295 3181 325 3234 15
336 3180 451 3253 Campos
461 3178 576 3253 Elysios,
612 3196 675 3229 cum
690 3197 733 3231 ree
746 3192 845 3230 canant
857 3177 1054 3252 religiosissime
1070 3185 1177 3242 silentio

3 3263 164 3339 linquibus
188 3263 289 3319 umbre
309 3264 450 3317 beatorum
470 3261 578 3335 placide
611 3258 716 3333 dignas.
989 3331 992 3336 Α
1204 3297 1206 3304 ,

22 3350 165 3416 pieseunt.
182 3347 213 3400 16
228 3349 263 3400 Et
275 3344 381 3419 Sappho
396 3345 484 3399 Graiis
495 3344 577 3398 chou-
656 3361 692 3396 21·
715 3340 858 3397 Ordu'est
880 3361 887 3394 t
913 3342 959 3397 sed
987 3347 1080 3422 vulgus
1102 3350 1175 3406 den·

3 3426 50 3484 ¹dis
70 3431 299 3486 murmurantem.
327 3429 438 3502 Scripsit
469 3429 575 3501 Sappho
609 3445 668 3480 sum
677 3424 796 3478 humeris
805 3424 874 3479 bibit
882 3443 1176 3501 eurepugnasetem.

3 3511 4 3578 l
19 3513 142 3580 twice,
163 3533 221 3587 quur
233 3511 268 3567 de
279 3511 376 3586 puellis
392 3513 495 3565 Lesbiis
505 3532 575 3586 que-
610 3527 651 3563 tos
662 3525 803 3583 tyrannos,
818 3508 847 3562 id
859 3526 914 3576 est,
929 3513 1006 3565 turba
1019 3516 1175 3572 umbrarum

3 3581 134 3665 ¹uberim,
148 3595 222 3669 quod
234 3595 286 3649 sibi
301 3598 331 3648 in
346 3614 436 3649 amore
446 3615 503 3647 non
514 3615 575 3648 res·
610 3595 735 3666 frequens
757 3608 785 3645 et
806 3595 926 3647 conferte
949 3600 1075 3650 attentius
1100 3600 1175 3654 uuvdit

18 3680 181 3749 ponderent3
198 3696 452 3745 nam,mortuosu0
465 3680 576 3744 marito,
612 3694 713 3749 pugnas
742 3688 769 3728 et
795 3691 969 3748 tyrannorum
999 3681 1175 3749 exactiones,

19 3763 105 3816 nultus
116 3762 223 3837 puellas
232 3778 259 3815 et
269 3781 366 3836 pueros
374 3764 473 3815 amavit
484 3800 492 3827 ,
502 3760 574 3814 unde
609 3778 690 3832 quum
702 3778 746 3813 res
761 3762 912 3813 amatorias.
927 3765 931 3768 “

17 3842 121 3901 troeta
139 3845 240 3899 dicitur
252 3845 379 3899 mascula.
398 3864 428 3917 17
445 3846 480 3897 Et
495 3862 575 3915 quam
647 3859 681 3893 22
696 3840 813 3911 Quando
826 3837 1039 3897 advaudiendum
1051 3843 1098 3895 illa
1111 3862 1174 3897 cer-

18 3942 75 3994 peue
98 3927 222 3985 vidimus
233 3943 281 4000 te,
298 3930 315 3982 ὁ
330 3927 437 4001 iletre,
451 3926 509 3999 lyra
524 3945 576 3992 cti—¹
610 3925 685 3980 mina
696 3923 828 3982 Cerberus
840 3925 906 3982 Orci
916 3941 1004 3982 custos
1013 3925 1177 4004 stupefuctue
