2842 4750
186 324 261 401 268
503 409 505 414 ,
575 342 613 413 Q.
667 338 944 399 nontin

182 473 353 577 Fugerit.
377 473 409 525 ¹⁶
428 472 507 551 Hic,
523 475 646 578 nigrae
663 503 800 553 suoous
816 472 1012 577 loliginis,
1031 469 1115 560 hoeo
1134 480 1189 547 est

184 612 219 666 ¹⁷
232 600 378 701 AErugo
391 623 521 676 mera:
537 599 570 651 ¹3
582 600 687 701 quod
695 599 837 676 vitium
850 596 984 703 procul
997 596 1131 672 abfore
1142 610 1175 661 19
1188 592 1362 682 chartis,

181 722 316 824 Atque
335 722 466 799 animo
483 723 610 825 prius,
628 739 672 798 ut
686 722 718 798 si
736 722 833 827 quid
851 719 1141 826 promittere-de
1159 745 1224 796 me

184 846 344 922 Possum
365 845 500 948 aliud,
526 874 617 923 vere
638 847 832 951 promitto.
854 846 1037 924 Liberius
1058 845 1091 922 si

186 967 334 1047 Dixero
357 970 482 1072 quid,
505 970 536 1047 si
558 971 654 1075 forte
679 970 867 1071 iocosius,
889 969 1079 1048 hoomihi
1096 969 1191 1069 juris

186 1101 290 1177 Cum
311 1099 428 1176 venia
455 1099 579 1179 dabis.
602 1100 776 1178 Insuevit
799 1116 834 1152 ²0
854 1117 963 1203 pater
983 1099 1152 1200 optimus
1170 1098 1244 1172 hoc
1267 1122 1361 1188 me,

184 1238 218 1276 2¹
238 1225 292 1321 Ut
309 1225 507 1327 fugerem,
524 1226 709 1328 exemplis
727 1226 911 1304 vitiorum
931 1251 1096 1328 quaeque
1114 1220 1297 1300 notando.

186 1349 289 1425 Cum
312 1375 375 1423 me
397 1347 641 1443 hortaretur,
661 1348 1055 1452 parcepfrugaliter,
1075 1364 1193 1454 atque

138 1555 141 1566 ,
187 1472 378 1548 Viverem
399 1474 456 1550 uti
477 1490 676 1551 contentus
697 1503 764 1567 eo,
788 1476 891 1578 quod
912 1477 967 1549 mi
986 1473 1066 1576 ipse
1085 1484 1280 1574 parasset;

186 1602 327 1678 Nonne
352 1601 490 1695 vides,
514 1601 610 1678 Albi
633 1616 666 1653 22
690 1618 734 1677 ut
751 1601 851 1677 maie
873 1602 984 1678 vivat
1001 1599 1133 1676 filius?
1156 1614 1277 1701 utque

185 1725 330 1802 Barrus
347 1726 484 1830 inops?
501 1727 535 1779 23
550 1756 735 1832 magnum
755 1729 1055 1818 documentum,
1071 1752 1121 1837 ne
1137 1739 1173 1789 24
1187 1722 1359 1826 patriam

186 1857 352 1933 Perdere
370 1857 457 1960 quis
475 1857 582 1938 velit.
612 1862 651 1935 A
668 1857 770 1961 turpi
791 1855 1004 1933 meretricis
1021 1880 1151 1930 amore
1258 1854 1361 1931 (rem

190 1986 291 2061 Cum
316 1986 553 2078 deterreret,
576 1986 610 2036 ²⁵
632 1985 788 2063 Sectani
812 1983 1008 2061 dissimilis
1027 1983 1088 2060 sis.

188 2112 250 2188 Ne
267 2091 451 2215 sequerer
464 2112 500 2163 ²⁶
514 2110 713 2204 moechas,
731 2137 910 2186 concessa
928 2136 1020 2185 eum
1035 2093 1190 2186 ventre
1207 2104 1267 2181 uti

74 2233 79 2240 Κ
187 2238 368 2331 Possem;
394 2237 570 2340 deprensi
587 2265 665 2313 non
680 2235 787 2311 bella
805 2251 861 2313 est
878 2233 985 2310 fama
1003 2248 1037 2300 27
1059 2229 1256 2321 Treboni,

187 2360 347 2441 Aiebat.
369 2361 403 2414 ²⁸
426 2360 586 2466 Sapiens
609 2360 762 2453 vitatu,
779 2359 958 2465 'quidque
982 2355 1106 2464 petitu

189 2487 248 2563 Sit
267 2486 486 2577 melius‚t29
507 2514 640 2563 causas
660 2484 798 2563 reddet
819 2483 893 2561 tibi
918 2517 927 2562 ε
952 2487 1008 2560 mi
1030 2482 1120 2560 satis
1144 2499 1223 2574 est,
1248 2482 1284 2557 si

187 2611 222 2661 30
245 2610 450 2685 Traditum
471 2608 522 2686 ab
540 2609 879 2712 antiquis'morem
900 2635 1079 2700 servare,
1099 2626 1312 2712 tuamque,

187 2735 298 2809 Dum
321 2734 351 2784 31
375 2734 542 2811 custodis
564 2727 677 2837 eges,
699 2735 823 2811 vitam
844 2734 1073 2838 famamque
1095 2733 1198 2810 tueri

188 2863 431 2938 Incolumem
449 2890 614 2964 possum.
642 2864 673 2914 3²
695 2862 820 2940 Simul
840 2889 887 2938 ao
908 2860 1110 2939 duraverit
1132 2879 1224 2940 aetas

187 2989 834 3094 Membra,animumquetuum‚³³
844 2987 1208 3066 nobissineoortiee.
1218 2986 1284 3064 Sic
1294 3015 1359 3063 me

1269 2426 1284 2463 ί

226 3157 260 3210 ιθ
279 3158 442 3230 Huiusmodi
465 3162 550 3214 oratio
573 3159 674 3213 occulti
697 3158 754 3214 odii
827 3174 862 3211 22
888 3154 1033 3228 Quomodo
1058 3157 1089 3209 in
1114 3156 1227 3228 pamuia
1253 3153 1358 3209 visati

186 3252 229 3305 ¹est
243 3239 414 3313 plenissima:
427 3241 508 3297 ducta
521 3257 561 3298 est
571 3242 754 3316 Metaphysic.
791 3241 825 3294 23
836 3242 891 3312 Qui
901 3259 1000 3313 magno
1010 3238 1234 3313 estdooumento.
1245 3247 1279 3305 ²4
1290 3241 1356 3293 Rem

187 3322 222 3375 ab
234 3316 382 3380 atramento
391 3314 472 3398 piscis
481 3324 615 3398 loliginis,
625 3346 683 3398 que
693 3325 754 3379 alba
790 3323 949 3379 familiarem
964 3322 979 3376 a
996 3321 1140 3395 majoribus
1152 3320 1286 3374 relictam.

188 3420 229 3459 est
239 3404 447 3471 externe‚iutus
456 3422 546 3461 autem
556 3410 641 3479 nigra.
659 3428 688 3480 ¹7
700 3409 754 3460 Vi-
827 3407 860 3461 25
883 3406 1013 3462 Sectanus
1036 3420 1092 3461 erat
1115 3405 1199 3475 turpis
1223 3403 1359 3460 moschus.

187 3507 233 3541 rus
245 3503 273 3543 et
283 3490 364 3562 pestis
375 3491 509 3545 amicitias.
533 3492 564 3544 18
575 3493 679 3544 Vitium
690 3510 755 3544 ma·
791 3491 825 3545 26
838 3491 986 3543 Matronae.
1006 3507 1041 3557 27
1059 3487 1211 3541 Trebonius
1227 3489 1257 3540 in
1272 3485 1358 3542 adul·

187 3569 341 3627 ledicentiae
369 3568 640 3628 simulata'amtcitia
664 3588 754 3628 tectae.
790 3568 1358 3646 teriofuitdeprehensus.28Philosopbuo,

193 3645 369 3729 i91iscriptis
387 3657 414 3710 et
431 3658 522 3710 animo
538 3676 611 3716 meo,
789 3657 878 3732 inquit
888 3657 994 3710 Horatii
1006 3670 1095 3729 pater,
1111 3671 1204 3708 causas
1222 3653 1271 3707 tibi
1288 3653 1358 3708 red·

224 3757 259 3793 20
276 3740 353 3795 Pater
366 3759 443 3794 meus
459 3739 594 3794 inserebat
609 3738 668 3795 bac
683 3738 756 3797 bona
791 3739 846 3793 det.
860 3759 896 3812 29
906 3741 1042 3798 Rationes.
1055 3738 1089 3790 30
1100 3734 1240 3790 Traditam
1250 3735 1267 3788 d
1277 3752 1358 3790 vete·-

188 3821 217 3873 iu
236 3841 300 3890 me,
320 3822 364 3879 vel
384 3838 459 3898 pater
479 3842 556 3878 meus
575 3822 758 3899 insuescendo
791 3823 864 3877 ribus
874 3821 1097 3876 cousuetudinem
1111 3837 1226 3887 servare.
1242 3819 1275 3872 δι
1294 3818 1360 3874 Par-

122 3953 124 3957 ,
188 3901 281 3958 docuit
289 3924 333 3960 me
341 3907 406 3963 hoc.
417 3925 447 3959 αι
460 3905 498 3958 Ut
507 3922 617 3978 quaeque
626 3906 755 3960 vitiorum
791 3904 895 3979 dagogi.
908 3906 943 3957 52
959 3905 1134 3977 Posteaquam
1142 3916 1205 3957 aetas
1219 3901 1359 3956 corrobo-

187 3984 326 4060 fugerem,
340 4009 373 4043 ea
384 3989 448 4045 vitia
461 3984 581 4042 notando
595 3987 737 4065 exemplis.¹
789 3991 887 4045 raverit
901 3987 1034 4062 mambrae
1052 3987 1087 4044 53
1097 3985 1204 4043 Alienis
1213 3984 1363 4058 praeceptis
