2842 4750
317 339 658 396 CARMINUM
710 339 825 395 LIB.
878 342 904 394 Ι.

130 457 147 507 ⁵
172 457 265 559 Quae
285 457 391 559 prius
412 457 581 533 multum
604 455 741 535 faciles
762 453 947 529 movebat
1027 505 1029 508 >

129 582 327 660 Cardines.
354 585 369 633 ⁶
390 582 517 658 Audis
539 581 690 673 minus,
717 597 755 655 et
777 579 907 654 minus
929 578 1033 678 jam:

129 739 152 780 11
177 709 244 783 Me
268 725 335 783 tuo
363 708 497 812 longas
522 724 707 810 pereunte
733 723 866 782 noctes

17 924 19 941 μ
275 862 298 903 s>
323 833 453 935 Lydia
480 833 652 918 dormis?
671 861 693 902 11

17 944 19 1019 ζ
127 970 145 1021 7
168 954 349 1031 Invicem
372 954 544 1031 moechos
568 983 663 1030 anns
686 954 703 1037 3,
726 968 948 1056 arrogantes

127 1080 158 1155 F
160 1079 288 1174 lebis,
313 1082 356 1174 in
377 1081 456 1158 solo
480 1081 578 1157 levis
603 1079 837 1182 angiportu,

125 1221 142 1272 9
165 1204 339 1281 Thracio
364 1203 583 1280 bacchante
607 1202 733 1307 magis
757 1219 790 1256 10
815 1201 1055 1301 1111111111-ἱ

278 1331 389 1407 lunia
411 1348 557 1407 vento:

128 1460 242 1535 Cum·
261 1458 335 1534 tibi
358 1459 526 1563 flagrans
549 1486 682 1552 amor,
708 1477 747 1535 et
767 1457 918 1552 libido,

127 1601 156 1635 11
184 1588 283 1686 Quae
304 1584 399 1661 solet
420 1602 563 1663 matres
586 1586 732 1662 furiare
757 1614 971 1690 equorum,

129 1707 274 1784 Saeviet
297 1709 404 1784 circa
424 1709 532 1806 jecur
557 1725 590 1759 11
613 1708 860 1801 ulcerosum,

224 1880 227 1886 ·
282 1836 529 1913 1³N011sine
554 1854 719 1940 questn;

127 1960 240 2037 Laeta
264 1962 369 2065 qnod
392 1962 514 2066 pubes
541 1964 889 2041 edera14virenti·

127 2087 337 2181 Gaudeat,
359 2088 391 2138 15
416 2087 523 2191 pulla
547 2089 672 2192 magis
698 2107 816 2192 atquc
840 2108 995 2195 myrtei,

129 2213 161 2262 1⁶
182 2213 331 2288 Aridas
355 2213 510 2290 frondes
536 2213 688 2316 hyemis
713 2215 835 2289 sodali

281 2339 452 2415 Dedicet
478 2337 623 2419 Hebro.

51 2478 132 2531 nest,
151 2485 203 2521 nec
225 2464 354 2519 tllimine
370 2464 481 2520 recedit.
502 2467 597 2537 fiQuaa
635 2472 808 2538 ῐπωμανιῒς,
832 2467 861 2521 id
880 2467 940 2535 est‘,
968 2487 1042 2542 equae
1068 2468 1199 2523 furentes*

51 2545 141 2619 quidam
150 2552 233 2622 janua
243 2548 337 2602 crebro
346 2547 411 2601 olim
419 2549 596 2623 aperiebatur.
638 2567 668 2602 12
678 2550 759 2605 Circa
768 2555 843 2624 jecur
852 2568 929 2604 tuum
941 2551 1075 2605 ulceribus
1085 2549 1198 2606 madens

50 2731 129 2768 rocem
143 2711 270 2769 amatoris
282 2716 404 2783 exclusi,
421 2714 554 2769 dicentis:
569 2716 595 2769 O
631 2720 818 2791 querimonia,
835 2739 866 2773 eo
885 2717 957 2793 quod
972 2721 1083 2792 juvenes
1101 2718 1199 2773 vetnlts

17 2851 18 2854 ,
50 2796 142 2867 Lydia,
156 2799 259 2853 dormis
278 2815 371 2854 noctes
393 2799 509 2873 longas,
531 2798 596 2852 dum
633 2816 801 2876 anteponunt
814 2802 926 2877 puellas.

51 2898 90 2953 ego
98 2886 139 2956 qui
150 2899 210 2937 tuus
222 2903 281 2937 snm
291 2885 391 2957 pereo?
681 2895 713 2953 14
729 2886 864 2940 Vtridiore
885 2902 962 2941 aetate
975 2926 983 2950 ,
1000 2887 1097 2960 puellis
1109 2889 1198 2939 nimi-

79 2985 92 3035 7
104 2968 143 3020 Tu
153 2967 221 3022 levis
231 2986 298 3020 anus
309 2982 337 3021 et
347 2982 501 3041 contempta
514 2968 598 3020 vicis·
632 2987 703 3023 rum.
722 2970 752 3023 15
767 2970 900 3044 Quodque
909 2973 994 3043 magis
1003 2969 1117 3043 gaudeat
1125 2971 1199 3043 pulla

49 3048 89 3101 sim
103 3050 175 3104 llebls
190 3064 344 3124 arrogantes
360 3050 480 3103 moechos
498 3053 527 3102 in
539 3049 597 3102 solo
633 3069 736 3126 myrto,
750 3054 780 3107 id
789 3070 843 3119 est,
854 3052 984 3107 subviridi
993 3069 1095 3126 myrto,
1109 3054 1198 3123 idest,

50 3134 192 3207 angiportu,
207 3132 237 3187 id
247 3150 307 3200 est,
325 3154 388 3189 curn
404 3131 486 3187 fueris
498 3132 554 3185 sola
569 3135 615 3185 in*
634 3158 703 3210 pene
714 3141 800 3211 nigra.
813 3138 937 3211 Metaph.
952 3152 1006 3201 est,
1022 3157 1086 3190 nam
1096 3155 1200 3212 myrtus

17 3235 18 3244 ¹
50 3217 175 3289 angiportu
201 3216 329 3272 derelicta
358 3218 390 3271 ab
413 3216 597 3281 amatoribus,
634 3223 710 3294 nigra
734 3223 843 3294 ponitur
864 3241 912 3295 pro
932 3221 1017 3273 forma
1039 3238 1199 3290 constante,

17 3311 19 3390 j
49 3298 153 3356 Thracio
173 3317 255 3356 vento
276 3302 424 3357 bacchante
444 3302 528 3373 magis
549 3300 597 3356 sub
634 3322 692 3375 quar
710 3323 767 3356 non
787 3303 866 3359 110111
887 3306 982 3378 perit,
1007 3304 1091 3378 qualis
1110 3320 1151 3358 est
1168 3306 1200 3357 in

17 3395 19 3514 ἰ
49 3381 189 3438 interlunia.
201 3386 218 3437 8
228 3386 367 3439 Amatores
380 3401 407 3441 te
421 3383 596 3439 fastidientes.
634 3386 724 3460 puella
742 3386 866 3442 sublirsca
882 3403 910 3443 ‘et
923 3390 1055 3462 nigrante.
1072 3387 1200 3442 Laudant

17 3521 19 3562 ἱ
48 3468 199 3540 9rlquilone
216 3472 231 3522 ὲ
246 3470 364 3525 Thracia
376 3471 495 3525 furenter
505 3469 595 3522 flante.
633 3469 707 3524 Galli
728 3471 802 3525 hunc
819 3471 961 3536 colorem,
983 3492 1065 3545 quum
1079 3470 1198 3544 puellam

17 3567 19 3616 1
51 3569 77 3602 ro
90 3552 169 3606 Paulo
183 3571 266 3621 aute,
284 3554 346 3620 vel,
363 3556 471 3608 circiter
482 3552 597 3607 interlu-
633 3558 670 3608 sic
677 3555 824 3609 coloratam
832 3554 969 3629 appellant
977 3558 1048 3609 belle
1054 3557 1199 3608 Brunette.

17 3625 19 3668 l
48 3634 80 3684 nii
100 3649 219 3709 tempus,
242 3636 350 3711 qnando
372 3652 434 3690 sunt
452 3640 539 3691 noctis
552 3649 598 3693 te·
637 3640 669 3692 16
689 3637 772 3709 Quod
793 3637 933 3692 edentulas
957 3655 983 3693 et
1001 3656 1111 3711 rugosas
1130 3654 1198 3687 anus

17 3767 18 3780 ,
48 3715 134 3772 11111111.
169 3719 273 3775 Plinius
287 3751 288 3754 =
302 3736 381 3775 vocat
404 3719 473 3773 illud
494 3735 598 3794 tempus
635 3737 713 3775 aetate
726 3722 833 3795 lrigidas
847 3722 956 3777 dedicet
970 3722 1063 3776 Hebro
1073 3719 1215 3771 Thracia

49 3798 121 3857 Luna
134 3802 280 3858 silentium.
300 3826 327 3857 11
349 3806 417 3874 Quae
433 3802 501 3856 solet
517 3823 604 3877 aquas¹
634 3805 716 3858 lluvio
726 3804 916 3879 frigidissimo,
929 3808 974 3878 qui
986 3805 1088 3858 idcirco
1098 3799 1198 3855 dicitnr

49 3882 77 3935 td
87 3885 204 3941 libidinis
221 3889 337 3942 furorem
352 3889 488 3941 concitare
505 3906 511 3940 :
531 3887 597 3943 hinc
632 3889 738 3963 hyemis
749 3889 861 3956 sodalis,
872 3888 943 3962 quod
951 3884 1125 3961 septentrioni
1134 3883 1209 3953 sub-4

49 3967 162 4026 mulieres
170 3970 319 4030 libidinose
332 3970 457 4028 dicuntur
469 3970 484 4026 t
494 3970 596 4029 Graecis
632 3975 720 4047 jacet,
737 3974 783 4029 ubi
796 3976 946 4028 maximum
956 3986 997 4026 est
1008 3969 1099 4040 frigus,
