<?xml version="1.0" encoding="UTF-8"?>
<!DOCTYPE html PUBLIC "-//W3C//DTD XHTML 1.0 Transitional//EN"
    "http://www.w3.org/TR/xhtml1/DTD/xhtml1-transitional.dtd">
<html xmlns="http://www.w3.org/1999/xhtml" xml:lang="en" lang="en">
 <head>
  <title>
</title>
<meta http-equiv="Content-Type" content="text/html;charset=utf-8" />
  <meta name='ocr-system' content='tesseract 3.04.00' />
  <meta name='ocr-capabilities' content='ocr_page ocr_carea ocr_par ocr_line ocrx_word'/>
</head>
<body>
  <div class='ocr_page' id='page_1' title='image "./quintushoratius01horagoog_0333.png"; bbox 0 0 2842 4750; ppageno 0'>
   <div class='ocr_carea' id='block_1_1' title="bbox 337 310 1215 416">
    <p class='ocr_par' dir='ltr' id='par_1_1' title="bbox 337 310 1215 416">
     <span class='ocr_line' id='line_1_1' title="bbox 337 310 1215 416; baseline -0.002 -24"><span class='ocrx_word' id='word_1_1' title='bbox 337 310 684 393; x_wconf 77' lang='lat' dir='ltr'><strong>ssnuosuu</strong></span> <span class='ocrx_word' id='word_1_2' title='bbox 735 335 851 392; x_wconf 69' lang='grc' dir='ltr'><strong>ΗΒ.</strong></span> <span class='ocrx_word' id='word_1_3' title='bbox 902 336 929 390; x_wconf 87' lang='lat'><strong>1.</strong></span> <span class='ocrx_word' id='word_1_4' title='bbox 1142 314 1215 416; x_wconf 83' lang='lat'><strong>275</strong></span> 
     </span>
    </p>
   </div>
   <div class='ocr_carea' id='block_1_2' title="bbox 50 460 1214 2336">
    <p class='ocr_par' dir='ltr' id='par_1_2' title="bbox 54 460 1100 573">
     <span class='ocr_line' id='line_1_2' title="bbox 54 460 1100 573; baseline -0.011 -27"><span class='ocrx_word' id='word_1_5' title='bbox 54 470 128 546; x_wconf 88' lang='lat' dir='ltr'><strong>Hic</strong></span> <span class='ocrx_word' id='word_1_6' title='bbox 150 495 221 573; x_wconf 80' lang='lat' dir='ltr'><strong>ego</strong></span> <span class='ocrx_word' id='word_1_7' title='bbox 237 468 254 519; x_wconf 78' lang='lat'>3</span> <span class='ocrx_word' id='word_1_8' title='bbox 269 468 503 542; x_wconf 89' lang='lat' dir='ltr'><strong>mendacem</strong></span> <span class='ocrx_word' id='word_1_9' title='bbox 523 461 768 539; x_wconf 87' lang='lat' dir='ltr'><strong>stultissimus</strong></span> <span class='ocrx_word' id='word_1_10' title='bbox 786 487 909 563; x_wconf 89' lang='lat' dir='ltr'><strong>usque</strong></span> <span class='ocrx_word' id='word_1_11' title='bbox 929 460 1100 562; x_wconf 82' lang='lat' dir='ltr'>puellam</span> 
     </span>
    </p>

    <p class='ocr_par' dir='ltr' id='par_1_3' title="bbox 53 586 1214 1201">
     <span class='ocr_line' id='line_1_3' title="bbox 53 586 1190 691; baseline -0.008 -21"><span class='ocrx_word' id='word_1_12' title='bbox 53 595 116 670; x_wconf 87' lang='lat' dir='ltr'><strong>Ad</strong></span> <span class='ocrx_word' id='word_1_13' title='bbox 132 592 306 677; x_wconf 87' lang='lat' dir='ltr'><strong>mediam</strong></span> <span class='ocrx_word' id='word_1_14' title='bbox 322 609 477 667; x_wconf 90' lang='lat' dir='ltr'><strong>noctem</strong></span> <span class='ocrx_word' id='word_1_15' title='bbox 492 605 690 691; x_wconf 82' lang='lat' dir='ltr'><strong>exspect03</strong></span> <span class='ocrx_word' id='word_1_16' title='bbox 706 602 724 653; x_wconf 87' lang='lat'>4</span> <span class='ocrx_word' id='word_1_17' title='bbox 739 612 898 662; x_wconf 85' lang='lat' dir='ltr'>somnus</span> <span class='ocrx_word' id='word_1_18' title='bbox 913 600 1047 667; x_wconf 86' lang='lat' dir='ltr'><strong>tamen</strong></span> <span class='ocrx_word' id='word_1_19' title='bbox 1061 586 1190 661; x_wconf 82' lang='lat' dir='ltr'><strong>aufert</strong></span> 
     </span>
     <span class='ocr_line' id='line_1_4' title="bbox 54 709 1119 795; baseline -0.008 -2"><span class='ocrx_word' id='word_1_20' title='bbox 54 717 283 793; x_wconf 84' lang='lat' dir='ltr'><strong>⁵Intentum</strong></span> <span class='ocrx_word' id='word_1_21' title='bbox 298 711 448 795; x_wconf 88' lang='lat' dir='ltr'><strong>Veneri</strong></span> <span class='ocrx_word' id='word_1_22' title='bbox 468 747 478 792; x_wconf 80' lang='lat' dir='ltr'><strong>t</strong></span> <span class='ocrx_word' id='word_1_23' title='bbox 498 729 581 790; x_wconf 92' lang='lat' dir='ltr'><strong>tum</strong></span> <span class='ocrx_word' id='word_1_24' title='bbox 601 711 805 790; x_wconf 91' lang='lat' dir='ltr'><strong>immundo</strong></span> <span class='ocrx_word' id='word_1_25' title='bbox 827 709 975 786; x_wconf 87' lang='lat' dir='ltr'><strong>somnia</strong></span> <span class='ocrx_word' id='word_1_26' title='bbox 996 711 1012 760; x_wconf 80' lang='lat'><strong>⁶</strong></span> <span class='ocrx_word' id='word_1_27' title='bbox 1032 709 1119 786; x_wconf 90' lang='lat' dir='ltr'><strong>visu</strong></span> 
     </span>
     <span class='ocr_line' id='line_1_5' title="bbox 53 837 1214 942; baseline -0.004 -22"><span class='ocrx_word' id='word_1_28' title='bbox 53 847 326 923; x_wconf 77' lang='lat' dir='ltr'><strong>trvooturnam</strong></span> <span class='ocrx_word' id='word_1_29' title='bbox 342 858 490 920; x_wconf 85' lang='lat' dir='ltr'><strong>vestem</strong></span> <span class='ocrx_word' id='word_1_30' title='bbox 510 839 734 932; x_wconf 86' lang='lat' dir='ltr'><strong>maculent,</strong></span> <span class='ocrx_word' id='word_1_31' title='bbox 748 853 1004 942; x_wconf 81' lang='lat' dir='ltr'><strong>ventremque</strong></span> <span class='ocrx_word' id='word_1_32' title='bbox 1021 837 1214 940; x_wconf 88' lang='lat' dir='ltr'><strong>supinum.</strong></span> 
     </span>
     <span class='ocr_line' id='line_1_6' title="bbox 53 964 1098 1074; baseline -0.005 -27"><span class='ocrx_word' id='word_1_33' title='bbox 53 974 226 1074; x_wconf 84' lang='lat' dir='ltr'><strong>Quetuor</strong></span> <span class='ocrx_word' id='word_1_34' title='bbox 241 973 259 1023; x_wconf 78' lang='lat'>⁸</span> <span class='ocrx_word' id='word_1_35' title='bbox 275 971 369 1048; x_wconf 90' lang='lat' dir='ltr'><strong>hinc</strong></span> <span class='ocrx_word' id='word_1_36' title='bbox 385 971 557 1072; x_wconf 79' lang='lat' dir='ltr'><strong>rapimur</strong></span> <span class='ocrx_word' id='word_1_37' title='bbox 573 967 716 1071; x_wconf 87' lang='lat' dir='ltr'><strong>viginti</strong></span> <span class='ocrx_word' id='word_1_38' title='bbox 734 983 774 1044; x_wconf 89' lang='lat' dir='ltr'><strong>et</strong></span> <span class='ocrx_word' id='word_1_39' title='bbox 791 965 915 1042; x_wconf 88' lang='lat' dir='ltr'><strong>millia</strong></span> <span class='ocrx_word' id='word_1_40' title='bbox 938 964 1098 1060; x_wconf 89' lang='lat' dir='ltr'><strong>rhedis,</strong></span> 
     </span>
     <span class='ocr_line' id='line_1_7' title="bbox 53 1091 1126 1201; baseline -0.006 -28"><span class='ocrx_word' id='word_1_41' title='bbox 53 1096 230 1173; x_wconf 88' lang='lat' dir='ltr'><strong>Mansuri</strong></span> <span class='ocrx_word' id='word_1_42' title='bbox 244 1114 260 1164; x_wconf 87' lang='lat'>9</span> <span class='ocrx_word' id='word_1_43' title='bbox 278 1095 485 1201; x_wconf 91' lang='lat' dir='ltr'><strong>oppidulo,</strong></span> <span class='ocrx_word' id='word_1_44' title='bbox 506 1095 611 1199; x_wconf 90' lang='lat' dir='ltr'><strong>quod</strong></span> <span class='ocrx_word' id='word_1_45' title='bbox 625 1119 740 1170; x_wconf 87' lang='lat' dir='ltr'><strong>versu</strong></span> <span class='ocrx_word' id='word_1_46' title='bbox 756 1091 887 1167; x_wconf 83' lang='lat' dir='ltr'>dicere</span> <span class='ocrx_word' id='word_1_47' title='bbox 905 1108 940 1144; x_wconf 83' lang='lat'><strong>10</strong></span> <span class='ocrx_word' id='word_1_48' title='bbox 951 1120 1029 1169; x_wconf 91' lang='lat' dir='ltr'><strong>non</strong></span> <span class='ocrx_word' id='word_1_49' title='bbox 1046 1110 1126 1187; x_wconf 88' lang='lat' dir='ltr'><strong>est,</strong></span> 
     </span>
    </p>

    <p class='ocr_par' dir='ltr' id='par_1_4' title="bbox 53 1216 1082 1450">
     <span class='ocr_line' id='line_1_8' title="bbox 53 1216 1082 1325; baseline -0.004 -27"><span class='ocrx_word' id='word_1_50' title='bbox 53 1234 83 1272; x_wconf 85' lang='grc'><strong>11</strong></span> <span class='ocrx_word' id='word_1_51' title='bbox 100 1222 229 1325; x_wconf 83' lang='lat' dir='ltr'><strong>Signis</strong></span> <span class='ocrx_word' id='word_1_52' title='bbox 249 1220 435 1324; x_wconf 76' lang='lat' dir='ltr'><strong>perfacile</strong></span> <span class='ocrx_word' id='word_1_53' title='bbox 458 1237 525 1299; x_wconf 89' lang='lat' dir='ltr'><strong>est.</strong></span> <span class='ocrx_word' id='word_1_54' title='bbox 550 1236 583 1272; x_wconf 87' lang='grc'><strong>11</strong></span> <span class='ocrx_word' id='word_1_55' title='bbox 596 1217 722 1297; x_wconf 83' lang='lat' dir='ltr'><strong>Venit</strong></span> <span class='ocrx_word' id='word_1_56' title='bbox 741 1216 928 1293; x_wconf 87' lang='lat' dir='ltr'><strong>vilissima</strong></span> <span class='ocrx_word' id='word_1_57' title='bbox 950 1245 1082 1294; x_wconf 86' lang='lat' dir='ltr'><strong>rerum</strong></span> 
     </span>
     <span class='ocr_line' id='line_1_9' title="bbox 53 1340 1075 1450; baseline -0.001 -28"><span class='ocrx_word' id='word_1_58' title='bbox 53 1345 276 1450; x_wconf 80' lang='lat' dir='ltr'><strong>Hic&#39;equa3</strong></span> <span class='ocrx_word' id='word_1_59' title='bbox 295 1345 363 1422; x_wconf 89' lang='lat' dir='ltr'><strong>sed</strong></span> <span class='ocrx_word' id='word_1_60' title='bbox 379 1345 490 1449; x_wconf 85' lang='lat' dir='ltr'><strong>panis</strong></span> <span class='ocrx_word' id='word_1_61' title='bbox 505 1345 621 1446; x_wconf 81' lang='lat' dir='ltr'><strong>longe</strong></span> <span class='ocrx_word' id='word_1_62' title='bbox 638 1340 950 1447; x_wconf 87' lang='lat' dir='ltr'><strong>pulcherrimus,</strong></span> <span class='ocrx_word' id='word_1_63' title='bbox 972 1343 1075 1422; x_wconf 86' lang='lat' dir='ltr'><strong>ultra</strong></span> 
     </span>
    </p>

    <p class='ocr_par' dir='ltr' id='par_1_5' title="bbox 51 1467 1060 1569">
     <span class='ocr_line' id='line_1_10' title="bbox 51 1467 1060 1569; baseline -0.006 -22"><span class='ocrx_word' id='word_1_64' title='bbox 51 1469 85 1521; x_wconf 80' lang='lat'><strong>¹³</strong></span> <span class='ocrx_word' id='word_1_65' title='bbox 102 1470 278 1548; x_wconf 83' lang='lat' dir='ltr'>Callidus</span> <span class='ocrx_word' id='word_1_66' title='bbox 298 1486 341 1545; x_wconf 91' lang='lat' dir='ltr'><strong>ut</strong></span> <span class='ocrx_word' id='word_1_67' title='bbox 359 1469 480 1545; x_wconf 84' lang='lat' dir='ltr'><strong>soleat</strong></span> <span class='ocrx_word' id='word_1_68' title='bbox 498 1467 670 1544; x_wconf 90' lang='lat' dir='ltr'><strong>humeris</strong></span> <span class='ocrx_word' id='word_1_69' title='bbox 689 1483 723 1534; x_wconf 86' lang='lat'><strong>¹4</strong></span> <span class='ocrx_word' id='word_1_70' title='bbox 738 1483 889 1569; x_wconf 88' lang='lat' dir='ltr'><strong>portere</strong></span> <span class='ocrx_word' id='word_1_71' title='bbox 909 1467 1060 1563; x_wconf 80' lang='lat' dir='ltr'><strong>viator3</strong></span> 
     </span>
    </p>

    <p class='ocr_par' dir='ltr' id='par_1_6' title="bbox 50 1571 1165 2207">
     <span class='ocr_line' id='line_1_11' title="bbox 50 1571 1165 1696; baseline 0.005 -29"><span class='ocrx_word' id='word_1_72' title='bbox 50 1593 85 1643; x_wconf 79' lang='lat'><strong>1⁵</strong></span> <span class='ocrx_word' id='word_1_73' title='bbox 101 1595 206 1669; x_wconf 86' lang='lat' dir='ltr'><strong>Nem</strong></span> <span class='ocrx_word' id='word_1_74' title='bbox 226 1595 368 1671; x_wconf 79' lang='lat' dir='ltr'><strong>Canusi</strong></span> <span class='ocrx_word' id='word_1_75' title='bbox 381 1592 600 1696; x_wconf 88' lang='lat' dir='ltr'><strong>lapidosus,</strong></span> <span class='ocrx_word' id='word_1_76' title='bbox 617 1620 734 1696; x_wconf 80' lang='lat' dir='ltr'><strong>equae</strong></span> <span class='ocrx_word' id='word_1_77' title='bbox 751 1621 828 1672; x_wconf 89' lang='lat' dir='ltr'><strong>non</strong></span> <span class='ocrx_word' id='word_1_78' title='bbox 846 1592 964 1670; x_wconf 91' lang='lat' dir='ltr'><strong>ditior</strong></span> <span class='ocrx_word' id='word_1_79' title='bbox 981 1595 1014 1644; x_wconf 83' lang='lat'><strong>1⁶</strong></span> <span class='ocrx_word' id='word_1_80' title='bbox 1030 1623 1126 1673; x_wconf 89' lang='lat' dir='ltr'><strong>urna</strong></span> <span class='ocrx_word' id='word_1_81' title='bbox 1139 1571 1165 1690; x_wconf 27' lang='grc' dir='ltr'><strong>,Ι</strong></span> 
     </span>
     <span class='ocr_line' id='line_1_12' title="bbox 51 1719 1035 1823; baseline 0.001 -26"><span class='ocrx_word' id='word_1_82' title='bbox 51 1722 131 1823; x_wconf 85' lang='lat' dir='ltr'><strong>Qui</strong></span> <span class='ocrx_word' id='word_1_83' title='bbox 148 1723 254 1799; x_wconf 91' lang='lat' dir='ltr'><strong>locus</strong></span> <span class='ocrx_word' id='word_1_84' title='bbox 269 1726 293 1799; x_wconf 81' lang='lat' dir='ltr'><strong>d</strong></span> <span class='ocrx_word' id='word_1_85' title='bbox 310 1723 401 1804; x_wconf 83' lang='lat' dir='ltr'><strong>forti</strong></span> <span class='ocrx_word' id='word_1_86' title='bbox 418 1721 612 1798; x_wconf 88' lang='lat' dir='ltr'><strong>Diomede</strong></span> <span class='ocrx_word' id='word_1_87' title='bbox 632 1738 687 1797; x_wconf 90' lang='lat' dir='ltr'><strong>est</strong></span> <span class='ocrx_word' id='word_1_88' title='bbox 703 1719 880 1798; x_wconf 90' lang='lat' dir='ltr'><strong>conditus</strong></span> <span class='ocrx_word' id='word_1_89' title='bbox 899 1721 1035 1808; x_wconf 42' lang='lat' dir='ltr'><strong>olima</strong></span> 
     </span>
     <span class='ocr_line' id='line_1_13' title="bbox 52 1849 1083 1931; baseline 0.004 -4"><span class='ocrx_word' id='word_1_90' title='bbox 52 1850 339 1928; x_wconf 73' lang='lat' dir='ltr'><strong>Flentibushic</strong></span> <span class='ocrx_word' id='word_1_91' title='bbox 356 1852 502 1931; x_wconf 85' lang='lat' dir='ltr'><strong>Varius</strong></span> <span class='ocrx_word' id='word_1_92' title='bbox 518 1867 552 1919; x_wconf 84' lang='lat'><strong>¹7</strong></span> <span class='ocrx_word' id='word_1_93' title='bbox 569 1849 736 1927; x_wconf 84' lang='lat' dir='ltr'><strong>discedit</strong></span> <span class='ocrx_word' id='word_1_94' title='bbox 757 1866 914 1927; x_wconf 86' lang='lat' dir='ltr'><strong>moestus</strong></span> <span class='ocrx_word' id='word_1_95' title='bbox 934 1849 1083 1931; x_wconf 87' lang='lat' dir='ltr'><strong>amicis.</strong></span> 
     </span>
     <span class='ocr_line' id='line_1_14' title="bbox 55 1974 1095 2081; baseline 0.004 -33"><span class='ocrx_word' id='word_1_96' title='bbox 55 1974 150 2053; x_wconf 90' lang='lat' dir='ltr'><strong>Inde</strong></span> <span class='ocrx_word' id='word_1_97' title='bbox 166 1977 201 2030; x_wconf 79' lang='lat'><strong>¹⁸</strong></span> <span class='ocrx_word' id='word_1_98' title='bbox 217 1976 352 2055; x_wconf 87' lang='lat' dir='ltr'>Rubos</span> <span class='ocrx_word' id='word_1_99' title='bbox 370 1976 458 2055; x_wconf 85' lang='lat' dir='ltr'><strong>fessi</strong></span> <span class='ocrx_word' id='word_1_100' title='bbox 475 1976 754 2080; x_wconf 83' lang='lat' dir='ltr'><strong>pervenimus,</strong></span> <span class='ocrx_word' id='word_1_101' title='bbox 778 1991 911 2079; x_wconf 84' lang='lat' dir='ltr'><strong>utpote</strong></span> <span class='ocrx_word' id='word_1_102' title='bbox 933 1975 1095 2081; x_wconf 84' lang='lat' dir='ltr'><strong>longum</strong></span> 
     </span>
     <span class='ocr_line' id='line_1_15' title="bbox 53 2085 1060 2207; baseline 0.003 -27"><span class='ocrx_word' id='word_1_103' title='bbox 53 2104 262 2207; x_wconf 86' lang='lat' dir='ltr'><strong>Carpentes</strong></span> <span class='ocrx_word' id='word_1_104' title='bbox 282 2105 382 2197; x_wconf 89' lang='lat' dir='ltr'><strong>iter,</strong></span> <span class='ocrx_word' id='word_1_105' title='bbox 408 2120 446 2180; x_wconf 91' lang='lat' dir='ltr'><strong>et</strong></span> <span class='ocrx_word' id='word_1_106' title='bbox 464 2104 614 2179; x_wconf 85' lang='lat' dir='ltr'><strong>fectum</strong></span> <span class='ocrx_word' id='word_1_107' title='bbox 636 2118 668 2169; x_wconf 85' lang='grc'>19</span> <span class='ocrx_word' id='word_1_108' title='bbox 691 2103 907 2205; x_wconf 86' lang='lat' dir='ltr'><strong>corruptius</strong></span> <span class='ocrx_word' id='word_1_109' title='bbox 928 2085 1060 2183; x_wconf 87' lang='lat' dir='ltr'><strong>imbri.</strong></span> 
     </span>
    </p>

    <p class='ocr_par' dir='ltr' id='par_1_7' title="bbox 53 2215 1167 2336">
     <span class='ocr_line' id='line_1_16' title="bbox 53 2215 1167 2336; baseline 0.004 -31"><span class='ocrx_word' id='word_1_110' title='bbox 53 2242 86 2281; x_wconf 76' lang='grc'><strong>11</strong></span> <span class='ocrx_word' id='word_1_111' title='bbox 99 2232 257 2307; x_wconf 80' lang='lat' dir='ltr'><strong>Postera</strong></span> <span class='ocrx_word' id='word_1_112' title='bbox 275 2217 480 2333; x_wconf 85' lang='lat' dir='ltr'><strong>tempestas</strong></span> <span class='ocrx_word' id='word_1_113' title='bbox 502 2217 665 2320; x_wconf 55' lang='lat' dir='ltr'><strong>meliori</strong></span> <span class='ocrx_word' id='word_1_114' title='bbox 684 2242 717 2279; x_wconf 82' lang='grc'><strong>11</strong></span> <span class='ocrx_word' id='word_1_115' title='bbox 735 2227 801 2302; x_wconf 86' lang='lat' dir='ltr'><strong>vie</strong></span> <span class='ocrx_word' id='word_1_116' title='bbox 819 2216 925 2332; x_wconf 76' lang='lat' dir='ltr'><strong>pejor</strong></span> <span class='ocrx_word' id='word_1_117' title='bbox 939 2287 951 2321; x_wconf 90' lang='lat'>‚</span> <span class='ocrx_word' id='word_1_118' title='bbox 966 2215 1027 2305; x_wconf 41' lang='lat' dir='ltr'><strong>&#39;ed</strong></span> <span class='ocrx_word' id='word_1_119' title='bbox 1043 2253 1167 2336; x_wconf 86' lang='lat' dir='ltr'><strong>usque</strong></span> 
     </span>
    </p>
   </div>
   <div class='ocr_carea' id='block_1_3' title="bbox 52 2345 1180 2709">
    <p class='ocr_par' dir='ltr' id='par_1_8' title="bbox 52 2345 1180 2709">
     <span class='ocr_line' id='line_1_17' title="bbox 52 2345 1102 2458; baseline 0.003 -28"><span class='ocrx_word' id='word_1_120' title='bbox 52 2365 85 2404; x_wconf 80' lang='grc'><strong>11</strong></span> <span class='ocrx_word' id='word_1_121' title='bbox 98 2354 189 2433; x_wconf 87' lang='lat' dir='ltr'><strong>Berl</strong></span> <span class='ocrx_word' id='word_1_122' title='bbox 206 2354 351 2431; x_wconf 87' lang='lat' dir='ltr'><strong>moenia</strong></span> <span class='ocrx_word' id='word_1_123' title='bbox 367 2351 516 2458; x_wconf 87' lang='lat' dir='ltr'><strong>piscosi.</strong></span> <span class='ocrx_word' id='word_1_124' title='bbox 540 2345 698 2428; x_wconf 86' lang='lat' dir='ltr'><strong>Dehinc</strong></span> <span class='ocrx_word' id='word_1_125' title='bbox 719 2351 752 2405; x_wconf 81' lang='grc'>13</span> <span class='ocrx_word' id='word_1_126' title='bbox 770 2351 914 2430; x_wconf 85' lang='lat' dir='ltr'><strong>Gnatia</strong></span> <span class='ocrx_word' id='word_1_127' title='bbox 930 2353 1102 2458; x_wconf 80' lang='lat' dir='ltr'><strong>lymphis</strong></span> 
     </span>
     <span class='ocr_line' id='line_1_18' title="bbox 53 2465 1073 2582; baseline 0 -28"><span class='ocrx_word' id='word_1_128' title='bbox 53 2491 86 2543; x_wconf 75' lang='lat'><strong>²4</strong></span> <span class='ocrx_word' id='word_1_129' title='bbox 100 2481 215 2557; x_wconf 82' lang='lat' dir='ltr'><strong>Iretis</strong></span> <span class='ocrx_word' id='word_1_130' title='bbox 233 2495 423 2555; x_wconf 86' lang='lat' dir='ltr'><strong>exstructa</strong></span> <span class='ocrx_word' id='word_1_131' title='bbox 442 2473 549 2553; x_wconf 85' lang='lat' dir='ltr'><strong>dedit</strong></span> <span class='ocrx_word' id='word_1_132' title='bbox 564 2476 739 2580; x_wconf 87' lang='lat' dir='ltr'><strong>risusque</strong></span> <span class='ocrx_word' id='word_1_133' title='bbox 754 2535 766 2569; x_wconf 93' lang='lat'><strong>,</strong></span> <span class='ocrx_word' id='word_1_134' title='bbox 781 2472 968 2582; x_wconf 78' lang='lat' dir='ltr'><strong>&#39;jocosque</strong></span> <span class='ocrx_word' id='word_1_135' title='bbox 982 2465 995 2573; x_wconf 46' lang='grc' dir='ltr'><strong>’ς</strong></span> <span class='ocrx_word' id='word_1_136' title='bbox 1070 2564 1073 2571; x_wconf 49' lang='grc'>,</span> 
     </span>
     <span class='ocr_line' id='line_1_19' title="bbox 53 2598 1180 2709; baseline 0.01 -31"><span class='ocrx_word' id='word_1_137' title='bbox 53 2601 158 2682; x_wconf 90' lang='lat' dir='ltr'><strong>Dum</strong></span> <span class='ocrx_word' id='word_1_138' title='bbox 173 2609 210 2660; x_wconf 83' lang='lat'><strong>2⁵</strong></span> <span class='ocrx_word' id='word_1_139' title='bbox 224 2608 384 2683; x_wconf 88' lang='lat' dir='ltr'><strong>flamma</strong></span> <span class='ocrx_word' id='word_1_140' title='bbox 399 2606 481 2682; x_wconf 90' lang='lat' dir='ltr'><strong>sine</strong></span> <span class='ocrx_word' id='word_1_141' title='bbox 499 2603 616 2680; x_wconf 89' lang='lat' dir='ltr'><strong>thura</strong></span> <span class='ocrx_word' id='word_1_142' title='bbox 630 2603 666 2656; x_wconf 81' lang='lat'><strong>²⁶</strong></span> <span class='ocrx_word' id='word_1_143' title='bbox 681 2598 896 2709; x_wconf 78' lang='lat' dir='ltr'><strong>liquescere</strong></span> <span class='ocrx_word' id='word_1_144' title='bbox 916 2604 1055 2683; x_wconf 88' lang='lat' dir='ltr'><strong>limine</strong></span> <span class='ocrx_word' id='word_1_145' title='bbox 1071 2637 1180 2689; x_wconf 89' lang='lat' dir='ltr'><strong>sacro</strong></span> 
     </span>
    </p>
   </div>
   <div class='ocr_carea' id='block_1_4' title="bbox 52 2805 1215 3636">
    <p class='ocr_par' dir='ltr' id='par_1_9' title="bbox 52 2805 1215 3636">
     <span class='ocr_line' id='line_1_20' title="bbox 85 2805 1211 2897; baseline 0.006 -37"><span class='ocrx_word' id='word_1_146' title='bbox 85 2805 610 2882; x_wconf 74' lang='lat' dir='ltr'><strong>3Puellam,queepromissisnonsterit.</strong></span> <span class='ocrx_word' id='word_1_147' title='bbox 644 2807 724 2865; x_wconf 84' lang='lat' dir='ltr'><strong>tium·</strong></span> <span class='ocrx_word' id='word_1_148' title='bbox 754 2808 869 2863; x_wconf 79' lang='lat' dir='ltr'><strong>Versum</strong></span> <span class='ocrx_word' id='word_1_149' title='bbox 893 2805 1128 2883; x_wconf 83' lang='lat' dir='ltr'><strong>subsequentem,</strong></span> <span class='ocrx_word' id='word_1_150' title='bbox 1158 2820 1211 2897; x_wconf 72' lang='lat' dir='ltr'><strong>qut</strong></span> 
     </span>
     <span class='ocr_line' id='line_1_21' title="bbox 52 2890 1215 2967; baseline 0.007 -23"><span class='ocrx_word' id='word_1_151' title='bbox 52 2899 69 2967; x_wconf 66' lang='grc'><strong>4</strong></span> <span class='ocrx_word' id='word_1_152' title='bbox 88 2890 204 2947; x_wconf 88' lang='lat' dir='ltr'><strong>Somnus</strong></span> <span class='ocrx_word' id='word_1_153' title='bbox 218 2911 263 2946; x_wconf 88' lang='lat' dir='ltr'><strong>me</strong></span> <span class='ocrx_word' id='word_1_154' title='bbox 281 2893 415 2964; x_wconf 86' lang='lat' dir='ltr'><strong>opprimit.</strong></span> <span class='ocrx_word' id='word_1_155' title='bbox 436 2892 452 2944; x_wconf 77' lang='lat' dir='ltr'>fi</span> <span class='ocrx_word' id='word_1_156' title='bbox 469 2893 568 2944; x_wconf 85' lang='lat' dir='ltr'><strong>Animo</strong></span> <span class='ocrx_word' id='word_1_157' title='bbox 583 2904 611 2947; x_wconf 84' lang='lat' dir='ltr'><strong>et</strong></span> <span class='ocrx_word' id='word_1_158' title='bbox 646 2892 727 2943; x_wconf 79' lang='lat' dir='ltr'><strong>Iocus</strong></span> <span class='ocrx_word' id='word_1_159' title='bbox 737 2929 746 2955; x_wconf 90' lang='lat'><strong>,</strong></span> <span class='ocrx_word' id='word_1_160' title='bbox 756 2905 809 2944; x_wconf 84' lang='lat' dir='ltr'><strong>etc.</strong></span> <span class='ocrx_word' id='word_1_161' title='bbox 823 2891 942 2965; x_wconf 84' lang='lat' dir='ltr'><strong>spurium</strong></span> <span class='ocrx_word' id='word_1_162' title='bbox 956 2908 1070 2949; x_wconf 84' lang='lat' dir='ltr'><strong>censent</strong></span> <span class='ocrx_word' id='word_1_163' title='bbox 1078 2895 1169 2951; x_wconf 81' lang='lat' dir='ltr'><strong>Bentl.</strong></span> <span class='ocrx_word' id='word_1_164' title='bbox 1183 2912 1215 2952; x_wconf 84' lang='lat' dir='ltr'><strong>et-</strong></span> 
     </span>
     <span class='ocr_line' id='line_1_22' title="bbox 53 2971 763 3048; baseline 0.003 -23"><span class='ocrx_word' id='word_1_165' title='bbox 53 2991 168 3048; x_wconf 87' lang='lat' dir='ltr'><strong>corpors.</strong></span> <span class='ocrx_word' id='word_1_166' title='bbox 180 2991 182 2994; x_wconf 55' lang='lat'><strong>⁴</strong></span> <span class='ocrx_word' id='word_1_167' title='bbox 193 2975 216 3041; x_wconf 19' lang='lat'><strong>6¹</strong></span> <span class='ocrx_word' id='word_1_168' title='bbox 233 2976 346 3027; x_wconf 87' lang='lat' dir='ltr'><strong>Visione</strong></span> <span class='ocrx_word' id='word_1_169' title='bbox 368 2974 456 3047; x_wconf 87' lang='lat' dir='ltr'><strong>aliqua</strong></span> <span class='ocrx_word' id='word_1_170' title='bbox 474 2990 502 3029; x_wconf 87' lang='lat' dir='ltr'><strong>ct</strong></span> <span class='ocrx_word' id='word_1_171' title='bbox 522 2975 611 3047; x_wconf 86' lang='lat' dir='ltr'><strong>specie</strong></span> <span class='ocrx_word' id='word_1_172' title='bbox 646 2971 763 3027; x_wconf 81' lang='lat' dir='ltr'><strong>Senado.</strong></span> 
     </span>
     <span class='ocr_line' id='line_1_23' title="bbox 54 3056 1210 3130; baseline 0.01 -23"><span class='ocrx_word' id='word_1_173' title='bbox 54 3058 140 3112; x_wconf 76' lang='lat' dir='ltr'><strong>animo</strong></span> <span class='ocrx_word' id='word_1_174' title='bbox 159 3057 260 3111; x_wconf 85' lang='lat' dir='ltr'><strong>oblate.</strong></span> <span class='ocrx_word' id='word_1_175' title='bbox 285 3074 301 3129; x_wconf 87' lang='lat'>7</span> <span class='ocrx_word' id='word_1_176' title='bbox 319 3056 435 3110; x_wconf 87' lang='lat' dir='ltr'><strong>Seminis</strong></span> <span class='ocrx_word' id='word_1_177' title='bbox 452 3059 610 3130; x_wconf 88' lang='lat' dir='ltr'><strong>eruptione,</strong></span> <span class='ocrx_word' id='word_1_178' title='bbox 686 3075 716 3127; x_wconf 84' lang='lat'><strong>¹7</strong></span> <span class='ocrx_word' id='word_1_179' title='bbox 733 3056 858 3112; x_wconf 83' lang='lat' dir='ltr'><strong>Discedit</strong></span> <span class='ocrx_word' id='word_1_180' title='bbox 871 3057 907 3113; x_wconf 83' lang='lat' dir='ltr'><strong>ad</strong></span> <span class='ocrx_word' id='word_1_181' title='bbox 924 3073 1010 3113; x_wconf 84' lang='lat' dir='ltr'><strong>cestra</strong></span> <span class='ocrx_word' id='word_1_182' title='bbox 1022 3059 1133 3116; x_wconf 78' lang='lat' dir='ltr'><strong>Gesseris</strong></span> <span class='ocrx_word' id='word_1_183' title='bbox 1145 3082 1210 3125; x_wconf 76' lang='lat' dir='ltr'><strong>cum</strong></span> 
     </span>
     <span class='ocr_line' id='line_1_24' title="bbox 54 3137 1085 3210; baseline -0.002 -15"><span class='ocrx_word' id='word_1_184' title='bbox 54 3141 191 3210; x_wconf 79' lang='lat' dir='ltr'><strong>quelitin</strong></span> <span class='ocrx_word' id='word_1_185' title='bbox 205 3159 311 3194; x_wconf 84' lang='lat' dir='ltr'><strong>somno.</strong></span> <span class='ocrx_word' id='word_1_186' title='bbox 646 3137 798 3193; x_wconf 71' lang='lat' dir='ltr'><strong>Mecenate</strong></span> <span class='ocrx_word' id='word_1_187' title='bbox 815 3156 842 3195; x_wconf 88' lang='lat' dir='ltr'><strong>et</strong></span> <span class='ocrx_word' id='word_1_188' title='bbox 858 3140 986 3196; x_wconf 84' lang='lat' dir='ltr'><strong>Cocceio.</strong></span> <span class='ocrx_word' id='word_1_189' title='bbox 1043 3162 1045 3167; x_wconf 50' lang='lat'>&gt;</span> <span class='ocrx_word' id='word_1_190' title='bbox 1083 3162 1085 3167; x_wconf 50' lang='lat'>&gt;</span> 
     </span>
     <span class='ocr_line' id='line_1_25' title="bbox 87 3218 1211 3302; baseline 0.002 -26"><span class='ocrx_word' id='word_1_191' title='bbox 87 3223 221 3278; x_wconf 70' lang='lat' dir='ltr'><strong>saville</strong></span> <span class='ocrx_word' id='word_1_192' title='bbox 235 3223 338 3277; x_wconf 87' lang='lat' dir='ltr'><strong>Trivici</strong></span> <span class='ocrx_word' id='word_1_193' title='bbox 352 3220 475 3277; x_wconf 86' lang='lat' dir='ltr'><strong>celeriter</strong></span> <span class='ocrx_word' id='word_1_194' title='bbox 488 3219 614 3275; x_wconf 85' lang='lat' dir='ltr'><strong>vehimur</strong></span> <span class='ocrx_word' id='word_1_195' title='bbox 686 3223 718 3274; x_wconf 82' lang='lat'><strong>18</strong></span> <span class='ocrx_word' id='word_1_196' title='bbox 732 3222 869 3295; x_wconf 86' lang='lat' dir='ltr'><strong>Oppidum</strong></span> <span class='ocrx_word' id='word_1_197' title='bbox 887 3224 1050 3298; x_wconf 83' lang='lat' dir='ltr'><strong>Campeniee.</strong></span> <span class='ocrx_word' id='word_1_198' title='bbox 1080 3218 1211 3302; x_wconf 63' lang='lat' dir='ltr'><strong>19N0135.</strong></span> 
     </span>
     <span class='ocr_line' id='line_1_26' title="bbox 56 3303 1095 3383; baseline 0.007 -27"><span class='ocrx_word' id='word_1_199' title='bbox 56 3303 147 3362; x_wconf 85' lang='lat' dir='ltr'><strong>rhedis.</strong></span> <span class='ocrx_word' id='word_1_200' title='bbox 173 3308 367 3383; x_wconf 84' lang='lat' dir='ltr'><strong>9Equotuti0.</strong></span> <span class='ocrx_word' id='word_1_201' title='bbox 396 3325 427 3359; x_wconf 87' lang='grc' dir='ltr'><strong>ιο</strong></span> <span class='ocrx_word' id='word_1_202' title='bbox 445 3305 509 3358; x_wconf 89' lang='lat' dir='ltr'><strong>Non</strong></span> <span class='ocrx_word' id='word_1_203' title='bbox 527 3304 611 3372; x_wconf 88' lang='lat' dir='ltr'><strong>licet,</strong></span> <span class='ocrx_word' id='word_1_204' title='bbox 647 3303 784 3359; x_wconf 86' lang='lat' dir='ltr'><strong>molestius</strong></span> <span class='ocrx_word' id='word_1_205' title='bbox 802 3323 908 3382; x_wconf 90' lang='lat' dir='ltr'><strong>propter</strong></span> <span class='ocrx_word' id='word_1_206' title='bbox 922 3307 1050 3383; x_wconf 85' lang='lat' dir='ltr'><strong>pluviem.</strong></span> <span class='ocrx_word' id='word_1_207' title='bbox 1091 3308 1095 3319; x_wconf 78' lang='lat'>&#39;</span> 
     </span>
     <span class='ocr_line' id='line_1_27' title="bbox 57 3389 1210 3466; baseline 0.01 -23"><span class='ocrx_word' id='word_1_208' title='bbox 57 3391 113 3459; x_wconf 80' lang='lat' dir='ltr'><strong>quie</strong></span> <span class='ocrx_word' id='word_1_209' title='bbox 127 3394 157 3446; x_wconf 88' lang='lat' dir='ltr'><strong>iu</strong></span> <span class='ocrx_word' id='word_1_210' title='bbox 175 3413 254 3448; x_wconf 84' lang='lat' dir='ltr'><strong>versu</strong></span> <span class='ocrx_word' id='word_1_211' title='bbox 275 3391 433 3446; x_wconf 78' lang='lat' dir='ltr'><strong>hexametro</strong></span> <span class='ocrx_word' id='word_1_212' title='bbox 452 3389 512 3445; x_wconf 77' lang='lat' dir='ltr'><strong>hoec</strong></span> <span class='ocrx_word' id='word_1_213' title='bbox 528 3389 612 3445; x_wconf 88' lang='lat' dir='ltr'><strong>dictio</strong></span> <span class='ocrx_word' id='word_1_214' title='bbox 683 3407 718 3443; x_wconf 79' lang='lat'><strong>20</strong></span> <span class='ocrx_word' id='word_1_215' title='bbox 737 3389 846 3444; x_wconf 82' lang='lat' dir='ltr'><strong>Postera</strong></span> <span class='ocrx_word' id='word_1_216' title='bbox 868 3390 925 3446; x_wconf 90' lang='lat' dir='ltr'><strong>dies</strong></span> <span class='ocrx_word' id='word_1_217' title='bbox 938 3397 1027 3466; x_wconf 47' lang='lat' dir='ltr'><strong>*magis</strong></span> <span class='ocrx_word' id='word_1_218' title='bbox 1046 3411 1086 3450; x_wconf 85' lang='lat' dir='ltr'><strong>est</strong></span> <span class='ocrx_word' id='word_1_219' title='bbox 1104 3417 1210 3453; x_wconf 86' lang='lat' dir='ltr'><strong>serene.</strong></span> 
     </span>
     <span class='ocr_line' id='line_1_28' title="bbox 59 3470 1211 3554; baseline 0.008 -28"><span class='ocrx_word' id='word_1_220' title='bbox 59 3470 236 3542; x_wconf 77' lang='lat' dir='ltr'><strong>Equoructum</strong></span> <span class='ocrx_word' id='word_1_221' title='bbox 250 3492 390 3530; x_wconf 76' lang='lat' dir='ltr'><strong>smenon</strong></span> <span class='ocrx_word' id='word_1_222' title='bbox 401 3488 498 3547; x_wconf 66' lang='lat' dir='ltr'><strong>potest,</strong></span> <span class='ocrx_word' id='word_1_223' title='bbox 519 3495 548 3528; x_wconf 82' lang='lat' dir='ltr'><strong>rs</strong></span> <span class='ocrx_word' id='word_1_224' title='bbox 562 3474 614 3528; x_wconf 87' lang='lat' dir='ltr'><strong>Per</strong></span> <span class='ocrx_word' id='word_1_225' title='bbox 647 3472 763 3527; x_wconf 80' lang='lat' dir='ltr'><strong>21=P0st</strong></span> <span class='ocrx_word' id='word_1_226' title='bbox 778 3473 907 3547; x_wconf 83' lang='lat' dir='ltr'><strong>pluviem.</strong></span> <span class='ocrx_word' id='word_1_227' title='bbox 923 3495 958 3530; x_wconf 76' lang='lat'><strong>22</strong></span> <span class='ocrx_word' id='word_1_228' title='bbox 974 3476 1084 3533; x_wconf 75' lang='lat' dir='ltr'><strong>Bovium</strong></span> <span class='ocrx_word' id='word_1_229' title='bbox 1099 3497 1139 3534; x_wconf 88' lang='lat' dir='ltr'><strong>est</strong></span> <span class='ocrx_word' id='word_1_230' title='bbox 1155 3501 1211 3554; x_wconf 69' lang='lat' dir='ltr'><strong>op-</strong></span> 
     </span>
     <span class='ocr_line' id='line_1_29' title="bbox 58 3553 1209 3636; baseline 0.007 -26"><span class='ocrx_word' id='word_1_231' title='bbox 58 3553 126 3627; x_wconf 66' lang='lat' dir='ltr'><strong>tigne</strong></span> <span class='ocrx_word' id='word_1_232' title='bbox 134 3558 188 3615; x_wconf 88' lang='lat' dir='ltr'><strong>hoc</strong></span> <span class='ocrx_word' id='word_1_233' title='bbox 199 3559 329 3636; x_wconf 87' lang='lat' dir='ltr'><strong>oppidum</strong></span> <span class='ocrx_word' id='word_1_234' title='bbox 339 3557 499 3614; x_wconf 85' lang='lat' dir='ltr'><strong>describere.</strong></span> <span class='ocrx_word' id='word_1_235' title='bbox 647 3556 742 3630; x_wconf 87' lang='lat' dir='ltr'><strong>pidum</strong></span> <span class='ocrx_word' id='word_1_236' title='bbox 758 3558 881 3632; x_wconf 72' lang='lat' dir='ltr'><strong>Apuliae,</strong></span> <span class='ocrx_word' id='word_1_237' title='bbox 897 3560 969 3634; x_wconf 90' lang='lat' dir='ltr'><strong>quod</strong></span> <span class='ocrx_word' id='word_1_238' title='bbox 982 3562 997 3615; x_wconf 81' lang='lat' dir='ltr'><strong>t</strong></span> <span class='ocrx_word' id='word_1_239' title='bbox 1010 3567 1078 3617; x_wconf 82' lang='lat' dir='ltr'><strong>orari</strong></span> <span class='ocrx_word' id='word_1_240' title='bbox 1090 3564 1209 3619; x_wconf 73' lang='lat' dir='ltr'><strong>elluiurr.</strong></span> 
     </span>
    </p>
   </div>
   <div class='ocr_carea' id='block_1_5' title="bbox 94 3641 1329 3718">
    <p class='ocr_par' dir='ltr' id='par_1_10' title="bbox 94 3641 1329 3718">
     <span class='ocr_line' id='line_1_30' title="bbox 94 3641 1329 3718; baseline 0.008 -27"><span class='ocrx_word' id='word_1_241' title='bbox 94 3657 124 3693; x_wconf 84' lang='lat'><strong>12</strong></span> <span class='ocrx_word' id='word_1_242' title='bbox 139 3643 214 3717; x_wconf 79' lang='lat' dir='ltr'><strong>Aque</strong></span> <span class='ocrx_word' id='word_1_243' title='bbox 229 3643 364 3698; x_wconf 82' lang='lat' dir='ltr'><strong>venditur.</strong></span> <span class='ocrx_word' id='word_1_244' title='bbox 387 3643 418 3696; x_wconf 77' lang='lat'><strong>13</strong></span> <span class='ocrx_word' id='word_1_245' title='bbox 433 3643 613 3716; x_wconf 22' lang='lat' dir='ltr'><strong>Viatortpro·</strong></span> <span class='ocrx_word' id='word_1_246' title='bbox 685 3643 720 3695; x_wconf 80' lang='lat'><strong>23</strong></span> <span class='ocrx_word' id='word_1_247' title='bbox 729 3641 831 3696; x_wconf 79' lang='lat' dir='ltr'><strong>Gnatia</strong></span> <span class='ocrx_word' id='word_1_248' title='bbox 839 3659 880 3697; x_wconf 90' lang='lat' dir='ltr'><strong>est</strong></span> <span class='ocrx_word' id='word_1_249' title='bbox 891 3645 1019 3718; x_wconf 90' lang='lat' dir='ltr'><strong>oppidum</strong></span> <span class='ocrx_word' id='word_1_250' title='bbox 1030 3645 1208 3700; x_wconf 84' lang='lat' dir='ltr'><strong>Salentinum.</strong></span> <span class='ocrx_word' id='word_1_251' title='bbox 1325 3668 1329 3675; x_wconf 61' lang='lat'>⁴</span> 
     </span>
    </p>
   </div>
   <div class='ocr_carea' id='block_1_6' title="bbox 57 3720 1212 4053">
    <p class='ocr_par' dir='ltr' id='par_1_11' title="bbox 57 3720 1212 4053">
     <span class='ocr_line' id='line_1_31' title="bbox 57 3720 1212 3800; baseline 0.006 -27"><span class='ocrx_word' id='word_1_252' title='bbox 57 3720 139 3777; x_wconf 86' lang='lat' dir='ltr'><strong>vidus.</strong></span> <span class='ocrx_word' id='word_1_253' title='bbox 156 3735 187 3791; x_wconf 81' lang='lat'><strong>¹4</strong></span> <span class='ocrx_word' id='word_1_254' title='bbox 195 3727 296 3781; x_wconf 84' lang='lat' dir='ltr'><strong>Panem</strong></span> <span class='ocrx_word' id='word_1_255' title='bbox 309 3742 423 3800; x_wconf 78' lang='lat' dir='ltr'><strong>portam.</strong></span> <span class='ocrx_word' id='word_1_256' title='bbox 442 3727 473 3779; x_wconf 75' lang='lat'><strong>15</strong></span> <span class='ocrx_word' id='word_1_257' title='bbox 482 3726 614 3794; x_wconf 80' lang='lat' dir='ltr'><strong>Canusii,</strong></span> <span class='ocrx_word' id='word_1_258' title='bbox 649 3736 683 3793; x_wconf 73' lang='lat'><strong>24</strong></span> <span class='ocrx_word' id='word_1_259' title='bbox 693 3727 803 3800; x_wconf 88' lang='lat' dir='ltr'><strong>Propter</strong></span> <span class='ocrx_word' id='word_1_260' title='bbox 811 3745 937 3799; x_wconf 76' lang='lat' dir='ltr'><strong>maguam</strong></span> <span class='ocrx_word' id='word_1_261' title='bbox 948 3730 978 3781; x_wconf 90' lang='lat' dir='ltr'><strong>in</strong></span> <span class='ocrx_word' id='word_1_262' title='bbox 991 3748 1023 3783; x_wconf 86' lang='lat' dir='ltr'><strong>eo</strong></span> <span class='ocrx_word' id='word_1_263' title='bbox 1036 3727 1134 3800; x_wconf 81' lang='lat' dir='ltr'><strong>oppido</strong></span> <span class='ocrx_word' id='word_1_264' title='bbox 1144 3728 1212 3781; x_wconf 83' lang='lat' dir='ltr'><strong>dul-</strong></span> 
     </span>
     <span class='ocr_line' id='line_1_32' title="bbox 57 3804 1211 3885; baseline 0.007 -32"><span class='ocrx_word' id='word_1_265' title='bbox 57 3804 147 3875; x_wconf 87' lang='lat' dir='ltr'><strong>oppidi</strong></span> <span class='ocrx_word' id='word_1_266' title='bbox 173 3808 303 3880; x_wconf 77' lang='lat' dir='ltr'><strong>Apuliae,</strong></span> <span class='ocrx_word' id='word_1_267' title='bbox 336 3809 418 3866; x_wconf 89' lang='lat' dir='ltr'><strong>durus</strong></span> <span class='ocrx_word' id='word_1_268' title='bbox 452 3825 492 3864; x_wconf 87' lang='lat' dir='ltr'><strong>est</strong></span> <span class='ocrx_word' id='word_1_269' title='bbox 526 3811 613 3885; x_wconf 80' lang='lat' dir='ltr'><strong>penis.</strong></span> <span class='ocrx_word' id='word_1_270' title='bbox 649 3812 688 3865; x_wconf 86' lang='lat' dir='ltr'><strong>cis</strong></span> <span class='ocrx_word' id='word_1_271' title='bbox 713 3828 788 3883; x_wconf 79' lang='lat' dir='ltr'><strong>equae</strong></span> <span class='ocrx_word' id='word_1_272' title='bbox 812 3811 962 3884; x_wconf 85' lang='lat' dir='ltr'><strong>penuriam.</strong></span> <span class='ocrx_word' id='word_1_273' title='bbox 990 3810 1025 3863; x_wconf 78' lang='lat'><strong>25</strong></span> <span class='ocrx_word' id='word_1_274' title='bbox 1053 3808 1117 3861; x_wconf 86' lang='lat' dir='ltr'><strong>Sine</strong></span> <span class='ocrx_word' id='word_1_275' title='bbox 1136 3813 1211 3881; x_wconf 67' lang='lat' dir='ltr'><strong>igne,</strong></span> 
     </span>
     <span class='ocr_line' id='line_1_33' title="bbox 62 3886 1212 3966; baseline 0.006 -29"><span class='ocrx_word' id='word_1_276' title='bbox 62 3886 93 3936; x_wconf 75' lang='lat' dir='ltr'><strong>tii</strong></span> <span class='ocrx_word' id='word_1_277' title='bbox 114 3887 178 3941; x_wconf 90' lang='lat' dir='ltr'><strong>Non</strong></span> <span class='ocrx_word' id='word_1_278' title='bbox 198 3890 295 3958; x_wconf 87' lang='lat' dir='ltr'><strong>ditior,</strong></span> <span class='ocrx_word' id='word_1_279' title='bbox 314 3890 343 3949; x_wconf 89' lang='lat' dir='ltr'><strong>id</strong></span> <span class='ocrx_word' id='word_1_280' title='bbox 361 3911 420 3959; x_wconf 87' lang='lat' dir='ltr'><strong>est,</strong></span> <span class='ocrx_word' id='word_1_281' title='bbox 437 3891 512 3947; x_wconf 86' lang='lat' dir='ltr'><strong>haud</strong></span> <span class='ocrx_word' id='word_1_282' title='bbox 528 3893 614 3948; x_wconf 90' lang='lat' dir='ltr'><strong>multo</strong></span> <span class='ocrx_word' id='word_1_283' title='bbox 650 3891 809 3949; x_wconf 67' lang='lat' dir='ltr'><strong>adlucendi</strong></span> <span class='ocrx_word' id='word_1_284' title='bbox 821 3909 849 3949; x_wconf 85' lang='lat' dir='ltr'><strong>et</strong></span> <span class='ocrx_word' id='word_1_285' title='bbox 861 3893 964 3952; x_wconf 83' lang='lat' dir='ltr'><strong>absumi</strong></span> <span class='ocrx_word' id='word_1_286' title='bbox 977 3895 1006 3948; x_wconf 87' lang='lat' dir='ltr'><strong>in</strong></span> <span class='ocrx_word' id='word_1_287' title='bbox 1019 3893 1105 3964; x_wconf 84' lang='lat' dir='ltr'><strong>prime</strong></span> <span class='ocrx_word' id='word_1_288' title='bbox 1116 3893 1212 3966; x_wconf 85' lang='lat' dir='ltr'><strong>templi</strong></span> 
     </span>
     <span class='ocr_line' id='line_1_34' title="bbox 57 3970 736 4053; baseline 0.024 -36"><span class='ocrx_word' id='word_1_289' title='bbox 57 3970 138 4042; x_wconf 76' lang='lat' dir='ltr'><strong>magis</strong></span> <span class='ocrx_word' id='word_1_290' title='bbox 149 3970 288 4030; x_wconf 77' lang='lat' dir='ltr'><strong>abundans</strong></span> <span class='ocrx_word' id='word_1_291' title='bbox 299 3994 383 4053; x_wconf 77' lang='lat' dir='ltr'><strong>sque,</strong></span> <span class='ocrx_word' id='word_1_292' title='bbox 396 3996 477 4052; x_wconf 81' lang='lat' dir='ltr'><strong>quem</strong></span> <span class='ocrx_word' id='word_1_293' title='bbox 489 3979 616 4052; x_wconf 86' lang='lat' dir='ltr'><strong>Equotu-</strong></span> <span class='ocrx_word' id='word_1_294' title='bbox 651 3976 736 4051; x_wconf 81' lang='lat' dir='ltr'><strong>aditu.</strong></span> 
     </span>
    </p>
   </div>
   <div class='ocr_carea' id='block_1_7' title="bbox 0 0 1433 4750">
    <p class='ocr_par' dir='ltr' id='par_1_12' title="bbox 0 0 1433 4750">
     <span class='ocr_line' id='line_1_35' title="bbox 0 0 1433 4750; baseline 0 0"><span class='ocrx_word' id='word_1_295' title='bbox 0 0 1433 4750; x_wconf 95' lang='lat' dir='ltr'><strong> </strong></span> 
     </span>
    </p>
   </div>
  </div>
 </body>
</html>
