2842 4750
207 266 256 358 aa
606 270 645 339 Q.
699 264 977 330 uoueret

356 398 446 472 Non
470 396 743 474 erubescendis
766 398 896 474 adurit

409 537 442 588 14
465 521 655 626 Ignibus:
682 525 714 573 ¹5
735 523 982 628 ingenuoque
1005 551 1156 627 semper

309 647 453 723 Amore
478 675 627 750 peccas.
650 649 682 698 1⁶
702 649 906 753 Quidquid
930 648 1075 741 habes,
1099 675 1197 749 age,

309 771 472 873 Depone
498 788 530 839 17
555 773 648 847 tutis
674 772 884 853 auribus...
910 774 942 825 18
966 774 1056 850 Ah!
1081 774 1226 863 miser,

360 915 393 965 19
420 901 575 1000 Quanta
597 897 750 975 laboras
775 901 817 976 in
843 898 1075 1002 Charybdi!

410 1026 541 1129 Digne
567 1055 665 1131 puer
688 1029 847 1105 meliore
871 1046 905 1082 ²0
932 1032 1108 1105 [lamma.

309 1169 341 1205 11
368 1154 464 1255 Quae
489 1183 606 1259 saga,
633 1157 720 1260 quis
743 1174 780 1233 te
807 1158 955 1234 solvere
984 1154 1184 1234 Thessalis

309 1284 452 1386 Magus
475 1286 660 1377 venenis,
688 1286 775 1390 quis
799 1288 935 1391 poterit
958 1288 1080 1364 deus?
1116 1340 1117 1345 κ

302 1445 309 1463 ’
360 1421 394 1457 ²²
420 1408 502 1485 Vix
526 1408 723 1512 illigatum
749 1428 787 1486 te
814 1411 981 1487 triformi

410 1536 443 1588 23
467 1540 638 1640 Pegasus
663 1539 843 1641 expediet
865 1557 900 1607 24
925 1540 1145 1618 Chimaerae.

215 1721 264 1774 sub
275 1739 352 1775 suum
362 1735 388 1774 te
399 1740 490 1794 jugum
502 1736 670 1788 mrtt1t‚n0n
681 1738 721 1776 est
731 1742 778 1777 cur
814 1742 905 1778 amore
924 1724 1036 1779 hberare
1049 1719 1189 1775 Thessalis
1203 1738 1334 1781 venenis
1350 1713 1377 1766 id

213 1803 517 1880 pudeeepoenrteatvete
526 1825 585 1860 eam
596 1825 685 1861 amare
696 1811 779 1881 ,quia
815 1824 874 1874 est,
887 1808 980 1862 herbis
999 1805 1212 1870 efficacissimis,
1232 1796 1376 1873 eujusmodi

213 1886 299 1942 libera
309 1906 349 1944 est
355 1906 517 1962 etrngenua
530 1897 561 1956 14
571 1890 714 1944 Amorrhus
721 1911 779 1944 non
815 1907 877 1944 sunt
889 1894 919 1944 in
932 1889 1092 1944 Thessalia?
1109 1906 1143 1940 22
1155 1889 1274 1961 Pegasus
1283 1899 1308 1937 te
1320 1880 1373 1934 illi-

211 1970 386 2042 ignobilibus
407 1974 437 2026 15
454 1975 602 2046 ingenuam
614 1992 670 2026 non
690 1975 779 2026 servi·
814 1991 924 2048 gatum,
942 1975 972 2028 id
988 1990 1046 2040 est,
1062 1988 1089 2026 te
1107 1974 1138 2024 in
1157 1965 1374 2041 illaimplicitum

212 2051 269 2108 lem
285 2074 331 2113 aut
343 2060 538 2112 mercenariam
551 2076 655 2130 semper
669 2075 755 2110 amas
815 2073 842 2112 et
859 2056 1063 2131 impeditum
1038 2076 1086 2109 rur
1098 2053 1186 2108 solvet
1202 2052 1237 2106 ab
1250 2050 1301 2102 hac
1313 2047 1372 2099 Tri·

254 2141 286 2194 16
299 2145 481 2215 Quaecumque
494 2160 526 2195 ea
541 2143 574 2194 sit
590 2161 669 2216 quam
683 2159 777 2208 amas,
814 2141 893 2195 sormi
907 2142 1042 2196 chimaera.
1057 2139 1162 2204 Poeta,
1178 2153 1209 2192 ut
1225 2152 1303 2209 supra
1317 2147 1372 2182 me·

214 2243 281 2297 age‚
301 2223 345 2279 dic
364 2225 461 2278 mihi
453 2245 483 2278 m
497 2243 589 2278 aurem
612 2245 668 2278 nou
682 2225 778 2298 vulga·
814 2229 939 2280 ratricem
953 2221 1110 2298 Charybdi,
1124 2216 1374 2306 propterrapacita-

212 2322 283 2360 turo.
299 2308 454 2382 17Aurrbus
466 2307 589 2362 fidelibus
599 2324 626 2362 et
638 2307 734 2361 clausis
744 2307 809 2360 ad
814 2323 886 2375 tem,
897 2324 934 2361 ita
943 2309 989 2362 hic
1003 2309 1143 2363 Chimaerae
1156 2319 1287 2381 propter
1297 2311 1375 2352 var10⁵

213 2413 271 2448 rem
283 2393 414 2447 creditam
425 2392 628 2445 continendam.
641 2394 672 2444 18
682 2392 776 2444 Hora·
815 2391 891 2445 dolos
908 2410 934 2447 et
949 2393 1119 2447 libidinum'
1112 2394 1293 2447 incitamenta
1304 2399 1372 2437 com·

212 2478 267 2529 tius
286 2475 378 2528 audito
394 2475 490 2547 puellae
502 2477 615 2527 nomine
632 2474 775 2527 exclamat.
811 2491 908 2546 paratv.

218 2558 679 2631 19Quantoinpericuloversaris'
695 2578 776 2631 quam
860 2560 894 2611 23
919 2562 1010 2633 Equus
1036 2560 1099 2613 alati
1129 2550 1371 2638 Bellerophontis

213 2660 337 2714 rapacem
349 2656 375 2693 et
384 2658 491 2693 avaram
501 2643 777 2715 meretricem(prop-
812 2643 932 2716 Neptuni
944 2659 971 2697 et
980 2642 1100 2698 Medusae
1114 2625 1194 2695 iilius
1204 2651 1237 2707 24
1248 2637 1371 2692 Chimera

212 2741 255 2779 ter
278 2725 451 2777 voracitatem
470 2725 606 2799 Charybdi
627 2725 778 2799 similem)
813 2727 956 2799 Typhonis
972 2743 999 2780 et
1008 2726 1126 2779 Echrdm
1140 2725 1214 2789 filia,
1229 2729 1370 2774 monstrtm

215 2822 310 2862 nactus
321 2808 367 2862 es'
360 2847 366 2859 .
382 2827 416 2861 20
429 2808 538 2864 Meliori
555 2827 654 2862 amore.
814 2810 996 2876 horrendum,
1007 2813 1058 2864 tria
1069 2810 1163 2864 habuit
1177 2813 1282 2884 capita,
1294 2816 1371 2855 unum

252 2909 283 2943 21
305 2892 372 2962 Quae
387 2892 484 2956 mulier
502 2892 622 2947 venefica
638 2907 665 2945 et
677 2894 779 2945 incan-
814 2897 915 2948 Leonis
925 2935 932 2960 ,
943 2895 1056 2948 alterum
1067 2894 1159 2969 Caprae
1168 2936 1176 2959 ,
1186 2896 1296 2948 tertium
1306 2890 1370 2941 Dra·

214 2977 316 3031 tatrixi
338 2979 406 3049 Quis
427 2981 524 3054 Magus
545 2978 646 3052 poterit
668 2991 694 3028 te
722 2978 779 3046 ejus
815 2980 908 3045 conis,
923 2978 996 3034 unde
1007 2977 1080 3033 dicta
1091 2994 1131 3032 est
1140 2977 1284 3032 triformis„

578 3263 1013 3288 ΜΝδὶδδἏΜἉΜ
