2842 4750
298 349 636 405 CARMINUM
687 349 795 404 ΜΒ.
848 352 875 405 Ι.

22 466 23 531 5
74 482 212 560 Genti!
239 481 319 583 jam
345 482 500 585 galeam
521 479 676 583 bPallas,
703 498 744 555 et
768 494 802 545 ¹4
824 480 974 585 aegida,

118 610 337 711 Currusque
350 665 372 700 ,.
389 623 428 683 et
451 606 483 658 ¹⁵
505 605 657 682 rabiem
678 622 800 708 parat.

73 734 103 794 13
123 733 424 837 Nequicquam,
448 731 613 812 Veneris
631 730 809 833 praesidio
833 748 865 799 17
886 733 1020 824 ferox,

75 855 104 907 13
124 860 259 934 Pectes
284 858 510 951 caesariem,
541 873 729 961 grataque
754 855 925 934 foeminis
991 911 993 915 «
1082 852 1086 859 ’
1128 852 1131 860 ’

75 994 103 1046 19
122 972 278 1059 Imbelli
302 981 453 1059 cithara
476 982 652 1059 carmina
672 999 708 1036 11
729 982 913 1060 divides:

116 1106 418 1214 Nequicquam,
439 1107 614 1186 thalamo
634 1125 666 1161 11
692 1136 829 1213 graves

76 1227 229 1324 Hastas,
255 1250 293 1310 et
319 1235 462 1311 calami
485 1236 634 1339 spicula
658 1251 691 1288 11
717 1234 867 1312 Gnossii

76 1355 246 1452 Vitabis,
271 1359 305 1410 13
329 1362 632 1466 strepitumque,
659 1378 697 1438 et
722 1362 889 1439 celerem
911 1376 945 1427 ²4
965 1360 1076 1464 sequi

75 1481 230 1581 Ajacem
248 1515 257 1560 :
274 1502 432 1580 tamen,
457 1488 536 1565 heu
559 1488 592 1539 13
609 1494 738 1567 serus!
761 1488 954 1575 adulteros

118 1609 253 1687 Crines
275 1610 435 1713 pulvere
460 1613 630 1692 collines.

78 1731 153 1809 Non
173 1736 208 1789 2⁶
229 1736 493 1831 Laertiaden,
517 1740 680 1816 exitium
704 1757 782 1816 tuae

78 1855 225 1953 Gentis,
254 1889 332 1936 non
355 1877 390 1929 17
411 1861 570 1967 Pylium
591 1866 755 1940 Nestora
781 1862 967 1964 respicis?

78 1978 105 2030 13
122 1982 269 2089 Urgent
287 1984 480 2088 impavidi
505 2003 543 2063 te
568 1987 802 2065 Salaminius

117 2121 147 2174 ²⁹
170 2112 352 2203 Teucer,
374 2129 412 2186 te
431 2111 465 2162 31
487 2111 690 2189 Sthenelus
711 2113 742 2163 31
766 2112 890 2189 sciens

79 2227 238 2336 Pugnae,
259 2232 340 2310 sive
364 2261 458 2336 opus
482 2251 537 2310 est
558 2234 783 2337 imperitate
806 2236 942 2339 equis,

78 2355 152 2438 Non
175 2354 317 2466 auriga
337 2362 474 2467 piger:
498 2362 531 2415 31
554 2363 775 2442 Merionem
797 2393 951 2468 quoquc

78 2482 214 2568 Nosces.
249 2489 352 2564 Ecce
379 2488 474 2565 furit
499 2507 536 2566 te
562 2490 730 2596 reperire
756 2508 866 2568 atrox

44 2634 96 2699 genti
106 2636 112 2687 l
123 2659 176 2713 que
186 2642 255 2696 olim
267 2639 340 2695 dicta
349 2658 389 2696 est
399 2641 527 2700 Derdam
537 2645 577 2712 ‚a
612 2645 700 2699 Cretae
709 2663 768 2717 que
778 2641 844 2697 olim
852 2642 946 2698 claruit
955 2659 1011 2699 arte
1020 2645 1172 2718 sagittandi.

44 2714 144 2775 Dtrdmo
166 2730 210 2799 qui
236 2727 305 2779 vixit
322 2742 442 2801 ternpore
462 2730 575 2803 Moysis.
612 2732 646 2784 23
657 2730 802 2803 Strepitum
810 2725 1174 2802 pugnantium.240elerem

46 2801 168 2867 ttsscutum
179 2808 306 2866 Palladis.
324 2811 354 2863 15
364 2815 490 2865 Furorem
499 2812 575 2869 belli.
611 2814 646 2869 ad
660 2812 826 2886 sequendum
841 2831 847 2864 :
869 2828 926 2867 erat
948 2815 1017 2886 Ajax
1031 2830 1087 2866 tam
1101 2813 1174 2867 celer

71 2888 213 2950 ittam.
226 2895 301 2948 Nam
313 2898 405 2949 Venus
416 2884 431 2961 ,'
441 2916 503 2949 curn
519 2916 576 2950 non
610 2899 745 2974 pedihus,
763 2913 793 2951 ut
811 2917 892 2951 nemo
907 2899 1011 2971 lugiens
1026 2918 1088 2951 eum
1105 2917 1174 2951 eva-

43 2968 67 3019 ·lt
78 2971 211 3046 bellicosa,
236 2997 293 3032 non
307 2994 394 3052 potest
414 2998 471 3034 essa
486 2979 576 3033 Paridi
612 2984 696 3038 deret.
714 2983 748 3037 25
766 2982 831 3035 Sero
845 2984 933 3036 crines
947 2998 1007 3037 tuos
1018 2981 1175 3049 adulteros,

43 3057 148 3122 presidio.
171 3064 375 3135 17Animosus.
405 3066 435 3117 18
460 3064 577 3118 Ornubis
611 3066 676 3120 olim
688 3067 832 3139 unguentis
842 3064 1112 3136 delibutos‚pulvere
1122 3064 1173 3118 de·

43 3138 153 3209 capillum.
178 3167 209 3219 ¹9
230 3145 340 3202 Cithara
356 3146 429 3200 bello
444 3167 499 3201 non
516 3163 577 3221 apta
610 3148 748 3221 turpabis‚
761 3147 791 3200 id
804 3162 859 3215 est,
873 3166 931 3201 sero
941 3145 1051 3201 tandem
1060 3146 1177 3201 traheris

44 3234 91 3286 ⁰⁵¹,
113 3226 156 3281 sed
178 3247 303 3296 mensae,
338 3229 373 3283 ad
402 3229 576 3286 hilaritatem.
611 3246 741 3284 mortuus.

43 3306 252 3384 2⁰Nequicquam
278 3316 331 3372 suis
350 3315 469 3374 numeris
484 3332 577 3391 aptum
648 3315 683 3367 26
704 3313 829 3387 Ulyssem
854 3315 957 3367 Laertis
975 3312 1070 3368 filium,
1098 3334 1131 3383 27
1149 3316 1175 3369 Α

43 3404 129 3446 cumen
143 3395 177 3448 ad
189 3397 328 3451 imbellem
337 3398 467 3453 citharam
479 3420 575 3468 canes,
612 3396 679 3469 Pylo
700 3395 766 3451 urbe
787 3397 886 3451 Nestor
908 3395 1097 3452 denominatur
1117 3399 1177 3472 Py-

42 3468 95 3535 l⁰l›
127 3480 304 3554 nequicquam
336 3481 479 3538 distribues
513 3504 576 3538 car-
611 3479 672 3536 lius.

41 3553 98 3607 mina
108 3556 271 3629 alternatim,
290 3578 319 3617 ut
337 3563 426 3619 solent
445 3566 576 3622 citharoe-
647 3566 682 3618 28
701 3567 888 3639 Insequuntur.
909 3583 943 3638 29
963 3567 1069 3622 Teucer
1086 3565 1175 3638 quiin

42 3629 76 3700 ll,
86 3642 126 3712 qui
138 3641 202 3698 dum
221 3649 339 3710 carmina
352 3665 472 3717 canunt,
493 3651 575 3706 modo
611 3647 699 3721 Cypro
716 3647 838 3704 condidit
847 3648 991 3706 Salamina.
1006 3649 1040 3701 30
1051 3649 1173 3718 Campa-

41 3729 170 3793 trevere,
189 3728 269 3782 modo
287 3723 351 3804 lyrae
369 3751 436 3785 sono
453 3748 573 3790 utuntur.
609 3733 655 3785 nei
674 3730 763 3798 lilius,
785 3752 854 3784 unus
874 3752 967 3786 eorum
991 3733 1035 3804 qui
1055 3732 1084 3782 in
1102 3748 1173 3801 equo

48 3878 52 3890 ι
73 3820 99 3858 21
122 3806 216 3865 Hastae
238 3812 341 3870 odiosas
363 3814 483 3870 thalamo
499 3838 573 3891 nup·
609 3815 766 3887 Trojanose
780 3814 950 3870 abdiderunt.
967 3814 997 3867 31
1017 3816 1120 3866 Doctus
1136 3813 1173 3866 ad

40 3880 98 3951 3333,
115 3907 219 3965 propter
237 3896 338 3970 copulo
355 3897 572 3969 disjunctionem.
608 3896 801 3973 pugnandum,
818 3914 845 3953 et
860 3917 988 3972 equorum
1000 3894 1171 3969 promptissi-

39 3964 169 4044 usigitur
177 3976 502 4059 Cretenses-Esthotsos
510 3984 573 4043 urbs
609 4002 668 4039 mus
677 3980 840 4040 moderator.
854 3981 888 4037 52
899 3978 970 4034 vide
984 3994 1061 4049 supra
1072 3974 1133 4031 Ode
1144 3980 1173 4037 tt.
