2842 4750
635 305 672 374 o.
726 303 1004 358 nonsart

390 443 475 530 Te,
498 452 637 542 praeter
658 436 804 515 invisas
830 463 1049 540 cupressos,

445 561 535 638 Ulla
563 562 726 638 brevem
748 561 949 638 dominum
972 576 1165 664 sequetur.

338 699 373 753 ²4
394 686 586 763 Absumet
613 685 737 761 haeres
764 686 797 735 2⁵
824 683 994 762 Caecuba
1016 686 1050 739 ²⁶
1074 682 1229 786 dignior
1277 683 1280 688 ’

340 816 503 890 Servata
524 830 680 888 centum
707 811 910 905 clavibus,
936 830 974 889 et
995 840 1104 889 mero

389 955 423 1007 ²7
446 940 592 1042 Tinget
614 922 885 1042 pavimentum
910 941 1150 1046 superbum,

444 1064 680 1141 Pontificum
704 1066 851 1169 potiore
880 1067 1009 1143 coenis.

240 1246 352 1302 'delicias
378 1261 405 1301 et
428 1245 593 1321 voluptatem
613 1263 806 1324 comparatas,
842 1247 961 1324 dignior,
980 1249 1043 1322 quia
1052 1247 1095 1301 his
1104 1248 1188 1301 utitur
1202 1269 1258 1325 quc
1268 1248 1385 1323 possidet,

242 1331 334 1403 quales
347 1346 408 1383 sunt
418 1330 560 1396 Platanus,
575 1345 627 1384 etc.
841 1354 903 1387 cum
913 1335 965 1387 tuis
975 1349 1004 1386 tu
1015 1350 1124 1405 parcas,
1138 1346 1168 1384 ut
1183 1333 1271 1386 sactis.
1288 1335 1385 1403 nJRes·

279 1424 312 1479 24
324 1414 416 1467 Haeres
438 1428 498 1466 tuus
523 1412 681 1467 effusissime
701 1432 804 1467 consu·
838 1413 1115 1489 pergetontgnificum
1131 1413 1241 1469 triclinii
1256 1417 1385 1488 pavimen-

242 1512 316 1562 met,
326 1517 384 1568 quse
395 1511 423 1549 tu
433 1499 514 1548 nimis
523 1514 602 1568 parce
612 1497 806 1568 conquisivisti.
842 1512 901 1550 tum
913 1501 978 1552 vino
993 1497 1120 1563 meliore,
1140 1516 1223 1569 quam
1237 1496 1306 1570 ,quod
1320 1494 1386 1549 dotus

242 1580 277 1633 25
292 1582 363 1633 Vina
376 1580 573 1635 accuratissime
589 1593 702 1632 servata.
721 1579 806 1633 sfi'l'e
842 1580 872 1633 in
889 1581 975 1635 coenis
990 1579 1159 1636 Pontificum.

675 1773 818 1850 oua
867 1714 980 1870 xlv,

421 1979 559 2051 Insui
582 1978 724 2052 soeculi
749 1982 858 2051 circa
882 1979 1057 2076 aedificia
1082 1978 1231 2054 luxum.

347 2131 385 2246 J
398 2197 465 2253 ΑΜ
490 2203 615 2278 pauco
641 2191 655 2227 1
681 2192 809 2254 aaatro
832 2175 969 2282 jugera
992 2189 1008 2226 2
1030 2174 1147 2277 regiae

343 2305 469 2381 Moles
492 2305 715 2410 relinquent
740 2340 749 2386 ε
775 2308 951 2414 undique
975 2305 1093 2382 latius

308 2437 311 2444 ’
395 2433 605 2508 3Ententa
629 2433 804 2511 visentur
828 2435 1001 2512 Lucrino
1309 2531 1311 2535 A

404 2577 406 2582 ’
446 2558 589 2660 Stagna
615 2556 732 2651 lacu,
759 2575 776 2624 4
799 2558 1054 2663 platanusque
1082 2558 1222 2638 caelebs

343 2676 513 2770 Evincet
538 2679 673 2762 ulmos.
705 2684 810 2760 Tum
835 2681 852 2730 ⁵
877 2679 1069 2773 violaria,
1095 2699 1135 2757 et

344 2802 527 2903 Myrtus,
555 2820 594 2877 et
615 2803 741 2879 omnis
765 2805 782 2853 ⁶
807 2803 918 2905 copia
944 2802 1102 2879 narium

395 2929 587 3030 Spargent
608 2946 625 2995 7
648 2928 802 3006 olivetis
826 2928 1013 3021 odorem,

287 3072 531 3170 talerandum,
552 3112 615 3145 cum
633 3093 722 3144 omnis
739 3110 811 3188 pene
846 3088 1015 3165 platanorum
1025 3092 1060 3145 ad
1072 3090 1253 3166 voluptatem,
1267 3087 1392 3166 qusmut-

247 3193 310 3248 ager
322 3163 481 3272 sumptuosis
498 3174 638 3239 domibus,
658 3176 769 3249 piscinis
784 3192 812 3230 et
846 3193 952 3229 morum
966 3174 1001 3229 ad
1013 3173 1166 3229 utilitatem.

246 3258 368 3311 hortis'
343 3278 390 3311 vus
392 3253 524 3313 sufficiat.
538 3280 555 3314 n
566 3260 726 3335 Sumptuosa
739 3258 811 3315 aedi-
882 3259 1028 3314 5Violnria
1038 3274 1100 3312 sunt
1109 3257 1192 3326 loca
1184 3278 1213 3312 m
1225 3258 1318 3332 quibus
1330 3254 1394 3312 violo

142 3401 144 3405 ,
246 3338 325 3407 ficia,
339 3361 398 3413 quae
411 3342 516 3415 regibus
535 3345 714 3409 conveniant,
728 3344 812 3396 instas
846 3356 1003 3395 nascuntur.
1018 3340 1094 3395 Ordo
1110 3356 1167 3396 est:
1185 3357 1243 3395 tum
1258 3339 1361 3394 violaria
1372 3348 1394 3390 et

246 3423 336 3477 molis.
348 3424 364 3476 3
374 3424 472 3498 Stagna
483 3423 562 3478 latius
570 3425 699 3498 producta
710 3441 737 3478 et
750 3444 812 3478 am·-
847 3438 949 3497 myrtus
963 3439 991 3477 et
1002 3426 1091 3478 omnis
1108 3428 1186 3500 copia
1204 3426 1310 3478 narium
1328 3440 1393 3496 spar-

246 3507 334 3583 pliora
342 3506 402 3560 lacu
411 3509 545 3561 Lucrino
537 3528 567 3561 ιιι
577 3510 637 3561 sinu
645 3508 767 3574 Baiano,
777 3507 812 3562 ad
847 3520 911 3580 gent
921 3505 1031 3561 odorem
1042 3506 1148 3564 olivetis
1155 3508 1287 3563 fertilibus
1299 3504 1395 3561 domim

247 3611 306 3666 quae
320 3588 437 3643 videnda
447 3593 521 3656 omui
531 3610 566 3644 ex
575 3606 650 3665 parte
661 3610 811 3645 concurre·
845 3591 939 3666 priori.

246 3686 301 3726 tur
314 3662 493 3742 4Platanus
482 3693 538 3726 non
552 3675 675 3727 maritata
689 3673 809 3739 vitibus,
889 3673 1018 3748 GCopia
1039 3675 1146 3728 narium
1167 3674 1322 3749 significat,
1343 3687 1394 3724 om*

246 3770 278 3807 ut
293 3754 397 3821 ulmus,
414 3756 460 3809 sed
478 3754 687 3823 deambulationi
703 3772 810 3811 tantum
845 3776 894 3812 nes
907 3756 1002 3824 flores,
1015 3778 1060 3831 qus
1053 3757 1180 3813 naribus
1192 3758 1273 3811 afflati
1285 3756 1393 3811 delecta·

245 3856 395 3890 inseruens
402 3855 508 3913 propter
515 3855 691 3913 opacttetem,
702 3843 810 3895 evincet
844 3842 948 3895 tionem
965 3840 1090 3895 alferunt.
1106 3861 1121 3911 7
1138 3844 1168 3895 ln
1181 3842 1248 3895 locis
1266 3840 1311 3894 ubi
1327 3850 1393 3891 antea

245 3918 350 3991 ulmos,
373 3920 402 3976 id
424 3937 485 3993 est,
505 3926 590 3996 major
609 3925 660 3977 erit
681 3943 809 3981 numerus
844 3921 999 3979 crescebant
1013 3923 1178 3998 olivae,quae
1193 3925 1242 3979 sub
1254 3925 1340 3999 priore
1348 3916 1394 3984 do:
