2842 4750
271 339 707 397 artsrosnnum
758 339 866 394 ere.
920 341 949 394 r.
1118 314 1194 415 377

34 444 199 540 vivitis,
215 448 249 513 34
262 448 414 552 indigni
431 450 644 524 fraternum
659 471 838 548 rumpere
855 446 1003 535 foedae,
1095 441 1099 448 ’

33 571 206 648 Pascitur
220 573 263 649 in
280 592 450 652 vestrum
465 573 634 648 reditum
648 572 681 622 3⁵
698 572 832 646 vutiva
850 569 1028 668 juvenca.

68 726 102 793 34
120 728 225 802 indigni
244 731 289 803 qui
304 731 432 802 rumpatis
449 728 593 783 fraternam
665 726 699 779 35
713 728 852 792 Juvenca,
875 743 959 799 quam
976 720 1123 802 immolabo
1138 740 1194 777 ro-

33 813 187 866 smicitiam.
484 829 486 832 ·
628 809 672 865 his
686 809 849 865 reducibus..

73 1005 160 1084 AD
201 1007 455 1084 Annium
494 971 848 1083 urrunnun.
900 997 1061 1078 nassa.
1087 1000 1165 1078 tv.

57 1207 161 1280 Eum
183 1225 317 1281 monet
337 1215 459 1306 utico
481 1216 584 1285 vivat
607 1215 721 1309 quasi
747 1206 926 1308 quotidie
946 1210 1168 1278 moriturus.

35 1385 210 1519 Aser,
234 1443 448 1505 nostrorum
473 1456 692 1506 sermonum
720 1444 733 1479 1
763 1425 928 1503 candide
951 1421 1095 1523 judex,

32 1550 140 1653 Quid
154 1581 257 1627 nune
273 1572 311 1630 te
326 1555 455 1631 dicam
473 1556 601 1631 facere
619 1556 661 1632 in
678 1556 836 1658 regione
854 1569 870 1603 ²
889 1552 1074 1629 Pedana?

32 1673 48 1721 3
71 1673 247 1778 Scribere
269 1680 375 1780 quod
394 1695 412 1745 4
432 1681 538 1758 Cassi
557 1680 777 1766 Parmensis
801 1673 993 1780 opuscula.
1007 1672 1168 1751 vincat?

34 1793 98 1872 'An
125 1801 288 1877 tacitum
308 1803 424 1880 silvas
444 1805 547 1880 inter
566 1805 581 1855 ⁵
602 1822 753 1908 reptare
776 1800 973 1892 salubres,

34 1922 247 1999 curantem
265 1927 459 2031 quidquid
475 1930 638 2032 dignum
656 1928 850 2032 sapiente,
866 1924 1048 2027 bonoque
1068 1928 1151 1999 esti

35 2052 123 2160 Non
141 2066 184 2127 tu
201 2055 217 2103 ⁶
236 2082 371 2158 corpus
389 2084 471 2133 eras
488 2057 569 2135 sine
589 2055 828 2160 pectoresDi'
843 2051 917 2129 tibi
935 2068 951 2119 ⁷
969 2050 1162 2139 formams

34 2176 88 2251 Di
106 2175 181 2252 tibi
198 2177 355 2256 divitias
373 2181 586 2274 dederunt,
603 2182 620 2233 8
637 2198 837 2283 artemque
853 2174 1022 2253 fruendi.

35 2311 51 2365 9
69 2301 176 2411 Quid
193 2320 336 2380 voveat
352 2305 458 2382 dulei
476 2305 668 2391 nutricula
687 2303 811 2402 maius
828 2285 990 2375 alumno
997 2355 1018 2391 ,.,

36 2438 70 2478 1⁰
84 2429 215 2528 Quam
231 2457 388 2533 sapere,
405 2447 435 2483 ¹1
455 2448 492 2507 et
508 2431 582 2507 fari
600 2448 643 2507 ut
658 2430 774 2534 possit
791 2456 878 2531 quae
894 2422 1055 2513 sentiat,
1072 2435 1109 2537 et
1126 2417 1202 2494 cui

37 2563 69 2600 ¹²
91 2550 251 2641 Gratia,
273 2552 403 2646 fama,
425 2554 632 2644 valetudo,
656 2552 855 2653 contingat
879 2543 1057 2636 abunde,
1083 2606 1088 2617 x

37 2673 70 2724 ¹3
89 2674 140 2750 Et
159 2677 325 2755 mundus
342 2676 491 2771 vietus,
511 2675 817 2753 non'deficiente
841 2677 1055 2749 crumena?

37 2803 145 2877 Inter
161 2831 268 2905 spem
288 2832 521 2907 curamque,
538 2784 694 2881 timores
711 2803 813 2878 inter
828 2818 865 2876 et
879 2801 957 2876 iras

8 3026 12 3031 Ι
37 2940 71 2991 ¹4
89 2928 259 3002 Omnem
275 2928 389 3008 crede
407 2928 511 3002 diem
526 2927 600 3003 tibi
618 2926 799 3003 diluxisse
815 2926 1048 3028 supremum.

76 3124 304 3198 rSincerejudex
312 3130 480 3200 Satyramm
488 3143 602 3182 nostra·
637 3128 761 3194 alumno,
778 3142 875 3200 quatu,
889 3129 1008 3180 etaim
1022 3126 1201 3199 Sapientiam
1287 3160 1290 3165 >
1392 3136 1396 3149 ’

37 3230 109 3266 rum.
641 3234 668 3264 rr
691 3214 727 3264 Et
749 3211 912 3271 facundiam.
932 3210 1007 3263 Ordo
1026 3225 1084 3264 est:
1102 3211 1198 3285 quid...

76 3316 92 3351 :s
108 3294 156 3349 Sic
173 3292 246 3347 dicta
258 3294 273 3346 d
287 3292 376 3359 Pedo,
392 3292 474 3350 ltalia
492 3293 599 3368 oppidos
637 3298 752 3365 majus...
762 3296 841 3367 quam
856 3308 886 3346 ut
900 3296 953 3347 ille
964 3295 1047 3364 possit
1062 3311 1152 3367 sapere
1171 3307 1202 3347 et

42 3380 109 3434 ann
122 3376 601 3448 dicamtescriberei4Quimultss
635 3377 716 3431 fari...
736 3392 764 3431 et
785 3380 835 3430 illi
858 3378 1114 3449 contingat-gratia,
1141 3370 1196 3429 etc.

29 3462 178 3536 tragedias
199 3463 321 3533 scripsit,
345 3460 431 3514 dictus
450 3461 599 3515 Parmensis
640 3481 670 3513 12
685 3463 809 3525 Gracia,
824 3476 855 3513 ut
871 3458 975 3533 placeat
985 3458 1103 3533 :sunm
1122 3473 1151 3510 ut
1165 3459 1212 3510 sit'

43 3544 154 3600 sburbe
168 3545 274 3608 Parma
292 3545 309 3597 5
324 3546 436 3599 Lentius
453 3543 598 3599 ambulare.
635 3543 776 3596 virtutibus
786 3559 813 3596 et
829 3542 1042 3607 meritisgclarus.

75 3627 96 3680 6
110 3627 177 3681 Sine
192 3644 302 3693 mente,
323 3646 426 3681 excors.
676 3627 705 3679 ιδ
716 3625 1106 3697 Victusnonsordidus,neque
1115 3620 1200 3674 nimis

77 3720 349 3791 7Pulclrritudinem,
367 3720 525 3793 dignitatern
537 3723 598 3776 oris.
636 3710 805 3783 01q⁰i⁸5ffl⁸v

45 3801 190 3857 armandi
199 3802 275 3858 bonis
284 3805 340 3857 istis
351 3842 359 3872 ‚
369 3822 467 3877 nempe
476 3803 562 3857 forma
575 3820 602 3859 et
677 3814 706 3871 ¹4
723 3805 842 3858 Omnem
858 3803 931 3860 diem
948 3816 1001 3876 quta
1018 3799 1115 3855 vixeris
1132 3810 1200 3869 puta,

44 3883 153 3939 divitiis.
555 3916 557 3919 ·
637 3907 693 3941 esse
702 3902 863 3961 postremam
874 3888 935 3944 ribi.
948 3886 991 3939 Ne
1007 3899 1095 3959 speres
1104 3881 1199 3934 rivere

80 3965 182 4046 pQuid
190 3970 600 4047 possitnutrioulaoptursmuius
635 3987 740 4047 postera
758 3969 815 4041 dies
911 3982 913 4017 t
