2842 4750
278 262 925 333 uenttrrturtn'rn.2111.
1124 281 1194 355 129

276 400 416 503 Neque
440 398 549 501 segni
568 397 858 499 pedevictus3
880 426 882 429 ·

4 574 7 581 κ
38 534 67 573 ‘⁰
88 520 204 599 Catus
228 519 345 597 idem·
361 538 392 574 ¹1
416 549 490 626 per
506 540 683 625 apertum
705 520 1071 624 fugientesagitato

38 647 159 749 Grege
181 664 326 722 servos·
336 644 499 742 jaculari
518 662 596 738 ,et
619 643 722 721 celer
746 644 824 721 alto
847 645 1069 724 latitantem

161 791 164 797 ’
196 844 198 850 ,
278 785 314 873 Ψ
331 770 526 847 Frutieeto
544 771 576 822 ¹3
595 771 773 874 excipere
793 799 942 874 aprum.

38 923 195 978 stnsmelior
205 926 264 998 ipso
272 922 497 996 Bellerophonte,
507 924 603 999 neque
669 924 702 978 ὦ
720 924 775 978 Ubi
794 924 903 979 frutices
919 932 1059 982 creseunt:

40 1021 86 1058 arte
94 1007 186 1079 pugili,
194 1005 489 1081 nequeeurtupedestri
499 1009 593 1062 victus.
670 1017 710 1074 14·
722 1007 802 1063 Celer
818 1007 856 1060 ad
878 1007 1068 1081 excipiendum
1089 1026 1192 1083 aprum.

44 1109 68 1141 tt
88 1092 243 1163 Ingeniosus
262 1089 305 1144 vel
321 1092 422 1164 peritus
435 1089 568 1161 jaculandi
584 1131 593 1157 ,
629 1076 893 1163 Excipere‚'verbum
909 1108 948 1144 est
960 1094 1096 1164 proprium
1109 1112 1194 1177 vena-

39 1169 115 1234 idest,
123 1170 276 1245 conligendi
286 1192 378 1227 cervos
386 1169 490 1244 iaculis.
504 1173 595 1228 rnPer
629 1189 718 1226 torum
730 1213 738 1240 ‚
752 1175 799 1248 qui
815 1193 850 1231 ex
862 1173 966 1229 insidiis
974 1186 1070 1249 aprum
1085 1178 1197 1250 capiunt

39 1271 156 1329 campum
171 1275 228 1310 non
244 1256 382 1311 arboribus
395 1257 545 1311 consitum.
628 1257 778 1311 incautum.

60 1447 143 1524 AD
170 1412 444 1529 nostran
469 1442 871 1532 annunusrn.
911 1394 1195 1571 suerting

276 1651 535 1728 Commendat
559 1660 641 1753 ejus
664 1663 953 1735 amenitatem.

131 1861 146 1899 ¹
175 1803 233 1923 Ο
260 1847 388 1922 Fons
409 1842 662 1942 Blandusiae,
687 1865 704 1901 2
731 1848 970 1951 splendidior
993 1851 1123 1956 vitre,

127 1971 145 2023 3
169 1972 290 2048 Dulei
315 1973 432 2075 digne
454 2000 587 2066 meru,
610 1966 1043 2071 nonsi1n4fl0ribu's‚·
1083 2026 1090 2051 .
1168 2013 1171 2018 ·

176 2097 194 2147 ⁵
221 2095 314 2175 Cras
337 2097 542 2179 donaberis
572 2097 709 2188 honde,

226 2227 302 2305 Cui
331 2226 435 2304 frons
459 2227 617 2331 turgida
642 2222 824 2301 cornibus
874 2312 877 2325 .

127 2355 147 2406 ⁶
170 2353 336 2446 Primis,
359 2371 398 2432 et
424 2357 647 2446 Venerem,
670 2372 708 2430 et
734 2353 867 2458 praelia
890 2352 1123 2452 tndestinat,

127 2479 285 2557 Frustra
311 2508 432 2572 :nam
455 2480 601 2585 gelidos
625 2463 814 2555 ss'inficiet
838 2477 911 2555 tibi

174 2601 313 2683 Rubro
340 2604 527 2707 sanguine
552 2603 656 2679 rivos

226 2747 244 2799 9
269 2729 427 2806 Lascivi
449 2727 598 2805 soboles
624 2727 763 2832 gregis.
1005 2827 1008 2832 Ι

127 2858 185 2934 Te
211 2858 409 2960 flagrantis
433 2875 542 2934 atrox
571 2856 666 2934 hora
694 2873 726 2909 10
752 2855 957 2936 Canicula

126 2998 157 3034 ¹¹
186 2983 323 3082 Nescit
348 3000 536 3085 tangere:
560 2998 602 3059 tu
627 2982 749 3086 frigus
770 2981 944 3058 amabile

64 3168 77 3201 r
92 3148 157 3203 Erat
167 3147 214 3201 bio
224 3146 284 3200 lons
299 3149 401 3220 inagro
415 3146 472 3217 ejus
483 3144 592 3199 Sabino.
628 3163 738 3217 operam
755 3142 819 3207 det,
832 3140 968 3214 aliumque
984 3138 1095 3198 hoedum
1110 3161 1195 3203 conta
1209 3191 1212 3193 ,

30 3233 133 3286 aFons
150 3231 267 3286 lucidior
278 3234 358 3285 vitro.
377 3230 393 3283 ὅ
411 3233 499 3304 Digne
519 3245 593 3282 mero
628 3229 701 3280 tituit
713 3226 1195 3304 adversariumcumquopoesitprae.

30 3312 56 3366 in
78 3314 214 3369 sacrificiis
236 3314 367 3370 exhibito.
387 3314 500 3367 Veteres
518 3315 592 3367 enirn
627 3309 686 3363 llari
701 3349 709 3373 ‚
724 3306 770 3362 sed
783 3308 895 3370 frustra3
910 3323 974 3361 nam
990 3324 1075 3363 morte
1088 3331 1195 3385 prave-

29 3396 145 3453 lontibus
166 3398 350 3453 sacrificabant
368 3413 495 3469 tanquam
523 3399 589 3448 Diis.
627 3395 717 3447 nietur
735 3407 762 3446 et
776 3390 969 3446 immolabitur.
985 3392 1001 3444 8
1016 3392 1116 3466 Tinget
1128 3394 1194 3461 tibi,

29 3479 99 3535 Vide
114 3480 174 3536 Ode
186 3503 206 3536 1.
220 3481 269 3536 lib.
288 3491 340 3547 nt
358 3479 479 3533 Floribus
495 3479 592 3552 quibus
627 3476 656 3531 id
675 3492 733 3542 est,
750 3477 780 3529 in
801 3491 876 3527 tuum
902 3473 1043 3528 honorem.
1061 3495 1079 3547 9
1098 3474 1196 3547 Gregis

29 3579 132 3618 veteres
147 3565 307 3640 spargebant
323 3564 428 3627 fontes,
442 3561 592 3635 velquibus
628 3561 831 3627 luxuriosi3est
848 3559 921 3611 eninr
936 3576 1016 3633 capra
1025 3556 1126 3616 animal
1140 3556 1197 3610 las-
1230 3562 1232 3565 ⁴

29 3643 128 3700 hostias
138 3649 312 3702 coronabant.
326 3649 343 3701 5
357 3649 423 3702 Cras
435 3646 484 3699 tibi
498 3644 593 3697 hoedus
630 3646 730 3698 sivum.

29 3729 222 3787 immolabitur.
235 3734 253 3785 ti
266 3731 401 3787 Cornibus
411 3748 497 3803 nuper
507 3730 593 3795 natis,
670 3724 845 3781 roCaniculae
856 3741 963 3780 exortus
970 3722 1127 3800 quindecim
1136 3720 1195 3776 dias

27 3826 53 3865 et
65 3816 279 3889 erumpentibus.
290 3834 305 3887 7
318 3813 421 3880 Hoedus
433 3814 507 3886 quasi
521 3810 594 3880 deli·
631 3824 693 3865 ante
719 3808 856 3864 Kalendas
875 3809 1126 3881 Augustiingentes
1142 3820 1195 3854 ca-

25 3892 103 3951 berat
116 3891 223 3972 seeum,
237 3912 265 3955 et
279 3896 373 3972 deligit
381 3899 537 3971 Venerem,
550 3896 595 3962 cui
631 3893 702 3952 iores
713 3895 806 3968 infert.
817 3914 845 3948 rr
858 3892 961 3965 Nequit
973 3902 1197 3958 tangerefflrops

970 4010 994 4081 9
