2842 4750
234 298 312 398 564
627 318 666 389 Q.
718 315 748 371 u
767 320 796 373 ο
810 319 839 374 n
860 314 886 373 t
905 320 933 375 r
949 320 1000 375 rr

231 422 520 501 Emendaturus
537 418 573 488 84
593 420 801 501 fortunam.
825 422 980 499 Deinde
1003 423 1128 501 secuti

232 549 267 602 ⁸⁵
290 551 522 626 Mazonomo
542 547 653 652 pueri
676 574 816 651 magno
840 547 1031 653 discerpta
1052 547 1243 627 ferentes·

231 674 415 750 Membra
436 672 540 776 gruis
560 671 680 776 sparsi
705 672 785 749 sale
809 673 954 767 multo,
977 702 1055 751 non
1079 673 1162 751 sine
1186 674 1317 767 farre,
1342 665 1345 670 ¹

230 800 447 905 Pinguibus
470 817 509 877 et
530 800 614 877 ficis
639 799 674 851 ⁸⁶
698 817 851 906 pastum
871 800 985 899 jecur
1002 779 1148 878 anseris
1168 800 1274 892 albi,

229 925 283 1002 Et
305 923 481 1027 leporum
501 924 673 1020 avulsos,
693 925 728 993 ⁸⁷
750 943 794 1002 ut
817 926 939 1003 multo
960 926 1115 1003 suavius
1128 985 1141 1020 ,Ν
1160 954 1309 1019 armos,

230 1047 362 1148 Quam
382 1048 415 1124 si
439 1077 529 1124 cum
549 1048 694 1128 lumbis
711 1051 803 1155 quis
820 1052 909 1129 edit.
931 1054 1040 1128 Tum·
1057 1067 1210 1154 pectore
1231 1052 1371 1127 aduste

231 1170 417 1250 Vidimus
431 1190 469 1249 et
484 1175 651 1254 merulas
666 1178 700 1229 8⁸
717 1178 828 1282 poni,
844 1181 883 1255 et
898 1178 979 1254 sine
998 1177 1112 1254 clune
1131 1176 1359 1281 palumbes:

230 1294 265 1362 ⁸³
286 1298 430 1375 Suaves
447 1327 532 1393 res,
549 1300 580 1377 si
603 1330 681 1378 non
700 1318 736 1368 9⁰
760 1330 897 1380 causas
914 1317 1089 1379 narraret
1108 1328 1265 1393 earum,
1282 1316 1323 1377 et

229 1420 398 1536 Naturas
419 1424 621 1501 dominus:
648 1452 767 1528 quem
788 1454 855 1503 nos
875 1426 932 1503 sie
954 1425 1124 1528 fugimus
1145 1423 1246 1517 ulti,

231 1549 287 1626 Ut
307 1550 409 1627 nihil
430 1552 585 1630 omnino
606 1570 864 1658 gustaremus,
888 1552 999 1631 velut
1017 1568 1049 1619 9¹
1074 1550 1152 1629 illis

230 1689 266 1743 9²
287 1675 455 1754 Canidia
475 1677 659 1773 affuisset,
679 1678 786 1781 pejor
805 1678 840 1747 93
864 1676 1106 1783 serpentibus
1123 1675 1245 1755 Afris.
1304 1751 1309 1764 ,

265 1874 301 1942 84
318 1876 465 1932 Formitum
481 1877 625 1934 aulaeorum
637 1897 739 1933 casum.
827 1876 911 1945 tales,
926 1877 962 1932 ab
977 1877 1112 1951 querellas
1123 1876 1182 1933 eliis
1195 1878 1315 1953 pertibus
1328 1893 1385 1933 sunt

266 1959 302 2012 85
317 1960 348 2013 ln
363 1960 440 2015 lance
455 1962 612 2036 pregrandi.
630 1964 664 2016 86
680 1962 793 2035 Sagine-
827 1959 1009 2036 praeferende.
1024 1983 1056 2035 9¹
1074 1960 1130 2016 Illis
1145 1960 1221 2016 cibis.
1236 1980 1272 2035 9²
1289 1961 1387 2015 Mulier

231 2053 299 2095 tum.
322 2043 355 2113 87
374 2044 515 2117 Tanquam
533 2044 618 2098 multo
639 2042 789 2100 delicatius.
826 2043 1387 2119 venefica.93Pejorserpentibus‚quorum

268 2125 303 2177 88
309 2126 424 2200 Apponi.
433 2128 468 2201 89
477 2128 629 2181 Existentes
638 2146 680 2180 res
689 2145 792 2184 suaves.
825 2126 917 2181 afflatu
932 2125 987 2180 cibi
1004 2126 1131 2184 salutares
1146 2124 1295 2184 redduntur
1306 2145 1391 2183 vena*

230 2222 266 2280 90
275 2205 304 2262 Si
313 2207 601 2267 nobitnonrecitdsset
610 2224 793 2273 causasnatuf
826 2210 884 2263 neti
897 2223 924 2264 et
938 2207 1082 2283 mortiferi..
