2842 4750
288 303 791 411 crnnruun'trn,
843 349 872 406 1.

53 478 88 529 ¹⁶
102 476 214 552 Unde
240 491 273 545 17
297 477 354 555 nil
378 478 504 577 maius
528 495 736 582 generatur
761 479 868 580 ips0,

53 603 137 679 Neo
156 601 264 705 viget
276 603 492 709 quidquam
509 604 663 696 simile,
689 621 758 680 aut
781 603 814 654 ¹⁸
834 601 1075 684 secundum:

54 741 87 793 ¹9
104 726 305 804 Ptoximos
320 728 380 804 illi
397 745 529 805 tamen
543 729 752 832 occupavit
1052 720 1055 727 ⁴

195 868 230 943 20,
245 853 375 933 Pallas
391 855 564 934 honores.

53 977 203 1055 Praeliis
217 994 248 1030 2¹
268 982 400 1059 audax
414 1002 541 1088 neque
559 1000 596 1060 te
616 981 739 1058 silebo

52 1105 193 1199 Liber,
209 1123 248 1183 et
260 1108 371 1186 seevis
387 1108 550 1185 inimica
566 1125 600 1161 22
614 1086 725 1212 uirgo

53 1231 200 1310 Belluis
213 1240 364 1312 :necte
381 1235 589 1312 metuende
606 1235 640 1287 ²3
657 1251 765 1312 certa

203 1361 353 1438 Phoebe
369 1367 523 1467 sagitta.

53 1481 194 1558 Dicam
211 1504 251 1563 et
266 1503 301 1554 24
313 1488 510 1584 Alciden,
532 1490 566 1543 2⁵
580 1518 794 1594 puerosque
810 1491 966 1592 Ledae,

53 1612 84 1662 ²⁶
100 1613 220 1688 Hunc
238 1615 369 1718 equis,
395 1632 430 1685 27
446 1615 557 1692 illum
572 1645 754 1720 superare
771 1620 910 1722 pugnis
982 1652 984 1655 ’
1021 1636 1025 1649 “

52 1737 258 1817 Nobilem:
273 1741 308 1793 ²⁸
324 1769 486 1845 quorum
502 1741 618 1820 simul
631 1743 722 1818 alba
735 1745 864 1820 nautis
933 1820 935 1823 .

203 1867 322 1944 Stella
336 1870 511 1964 refulsit,

51 1999 83 2052 29
95 1987 249 2067 Defluit
265 1994 365 2070 saxis
381 1996 549 2100 agitatus
563 1996 731 2091 humor,

50 2112 82 2166 ³0
98 2116 325 2196 Concidunt
340 2135 470 2213 venti,
500 2123 531 2173 31
547 2123 781 2226 fugiuntque
804 2123 957 2217 nubes,

22 2254 28 2265 '
50 2240 97 2319 Et
112 2243 148 2295 ³2
160 2246 294 2323 minax
308 2250 325 2348 (
337 2249 442 2352 quod
456 2249 511 2324 sie
524 2248 558 2300 33
572 2247 729 2326 voluere
742 2251 758 2349 )
773 2265 889 2352 ponto

201 2373 315 2451 Unda
329 2373 535 2458 recumbit.
614 2456 616 2461 ,

49 2498 81 2567 34
94 2501 310 2602 Romulum
325 2522 406 2607 post
420 2504 489 2581 hos
502 2505 608 2609 prius
622 2564 634 2597 ‚
651 2534 703 2582 an
715 2506 748 2557 3⁵
766 2505 945 2609 quietum

48 2626 218 2733 Pompili
233 2658 398 2734 regnum
414 2657 649 2724 memorem,
668 2662 720 2709 an
734 2634 768 2685 ³⁶
785 2632 970 2739 superbos

39 2808 69 2862 16
85 2811 111 2863 A
129 2828 184 2884 quo
197 2813 269 2865 Deo.
289 2828 320 2883 ¹7
341 2810 413 2881 Quia
430 2812 505 2865 Deus
523 2826 565 2865 est
597 2828 684 2867 torem
715 2815 831 2887 equestri
859 2812 954 2886 proelio
977 2809 1176 2883 nobilitatum?

11 2888 124 2964 Optimus
134 2893 282 2948 Maximus.
307 2895 337 2947 18
351 2892 428 2947 Nihil
446 2895 508 2947 Jovi
522 2909 563 2949 eet
597 2913 632 2967 27
648 2899 683 2950 Et
698 2897 837 2960 Pollucem
858 2914 947 2969 pugna
974 2893 1091 2967 pedestri
1112 2896 1161 2946 in-

11 2973 164 3041 mundum,
183 2979 246 3048 quia
261 2975 352 3030 nullus
364 2975 430 3029 ordo
443 2997 500 3031 esee
509 2996 562 3050 po-
597 2981 709 3052 signem.
727 2982 761 3034 28
776 2981 899 3050 Quorum
914 2976 991 3031 stella
1010 2971 1104 3030 serena
1119 2980 1162 3031 ei-

11 3058 127 3111 minse:
135 3057 274 3113 infinitum
285 3074 313 3113 et
324 3059 440 3115 finitum.
455 3082 486 3135 ¹9
496 3060 570 3114 Pal-'
596 3065 653 3120 mul
666 3078 745 3137 atque
758 3065 848 3115 nautis
861 3062 991 3134 apparuit.
1006 3078 1041 3132 ²9
1047 3056 1118 3112 Fluit
1126 3058 1161 3113 de

11 3133 173 3213 leproxima
183 3156 224 3195 est
233 3144 294 3196 Jevi
306 3183 314 3209 ,
326 3143 374 3198 sed
383 3144 465 3218 longo
473 3147 561 3197 inter-
573 3175 575 3179 ·
598 3148 774 3202 saxiebumor
787 3164 823 3199 ex
834 3146 898 3200 nive
911 3142 1006 3217 geluve
1018 3146 1048 3197 in
1063 3162 1161 3216 aquarn

11 3222 64 3278 t’tllo
71 3228 208 3299 proxima.
225 3244 259 3280 20
267 3228 482 3294 Minervanone
496 3246 562 3281 mu·
597 3231 737 3286 resolutus.
766 3228 800 3282 30
823 3228 906 3281 Venti
932 3226 1059 3281 desinunt
1085 3226 1159 3283 llare.

11 3301 352 3384 lereconeepta‚sedJovis
363 3311 473 3367 cerebro
481 3327 560 3380 nata,
598 3316 628 3368 5⁸1
641 3309 735 3367 Nubes
744 3313 773 3364 i'n
780 3310 870 3384 fugam
876 3324 1023 3364 vertuntur.
1035 3310 1070 3362 32
1078 3308 1161 3364 Unda
1172 3301 1176 3310 ’

11 3405 56 3443 trra
68 3408 98 3447 et
111 3392 205 3447 divina
220 3397 359 3468 sapientia.
596 3400 684 3453 nautis
708 3397 816 3448 minans
841 3394 1009 3467 naufragium
1026 3394 1160 3465 quiescit,

30 3497 58 3531 et
74 3478 208 3533 Bacchus
216 3480 257 3531 ad
265 3483 368 3552 proelia
377 3480 471 3535 trudit
480 3487 560 3534 t‘ner-
595 3503 654 3557 quae
664 3494 746 3535 vente
758 3481 933 3532 intumuerat.
948 3477 983 3529 33
997 3474 1059 3529 Filii
1076 3475 1158 3530 Ledae

11 3575 47 3611 rar
53 3581 64 3622 ‚-
72 3560 165 3614 dictus
172 3561 269 3628 Liber,
280 3561 352 3635 quod
360 3565 481 3615 animum
490 3565 561 3616 cutis
596 3566 690 3620 Castor
702 3578 730 3617 et
742 3560 840 3614 Pollux
851 3559 1016 3624 sicvol'uete.

11 3639 99 3698 iterat.
118 3662 152 3697 Μ
169 3647 260 3699 Diana
275 3647 410 3700 venatrix.
428 3645 464 3699 23
484 3644 560 3699 Adeo
632 3647 665 3713 54
688 3647 780 3698 Romae
801 3642 979 3698 conditorem.
1011 3642 1046 3695 35
1067 3642 1158 3694 Numa

11 3741 64 3780 etta
77 3741 159 3781 estet
171 3728 333 3783 inevitabilis
344 3728 441 3782 Phoebi
450 3730 561 3801 sagitta,
595 3725 744 3801 Pompilius
754 3727 770 3779 a
780 3725 894 3780 Romulo
906 3724 1039 3780 secundus
1052 3726 1158 3776 Roma-

11 3820 143 3884 tromper
151 3810 180 3864 id
189 3811 271 3880 fen'at¹
279 3810 351 3885 quod
360 3814 437 3885 petit.
595 3830 693 3865 norum
702 3829 773 3876 rex,
793 3828 906 3881 regnum
925 3811 1006 3861 armis
1015 3819 1156 3880 paratum,

28 3903 60 3959 24
68 3894 240 3962 Herculem,
252 3897 328 3949 lovis
338 3909 365 3949 et
376 3895 514 3951 Alcmenae
523 3895 559 3948 li-
571 3921 575 3929 ·
594 3894 736 3968 religione,
746 3894 846 3965 justitia
853 3891 964 3947 ethonis
973 3889 1093 3943 moribus
1099 3899 1158 3939 eta-
1176 3902 1178 3906 ’

11 3973 67 4030 lum·
80 3976 210 4035 meilros
220 3978 312 4035 Leda.
326 3977 363 4033 26
371 3979 477 4054 Nempe
487 3979 559 4035 cas·
594 3975 692 4033 bilivtt.
716 3976 751 4032 36
772 3974 931 4049 Magnificus
948 3989 980 4029 et·
993 3968 1177 4026 excellenter
