2842 4750
209 386 286 466 294
608 392 648 461 Q.
702 389 983 448 nonanti

207 520 475 621 Hermogenes
493 547 669 625 unquam
682 522 810 626 legit,
834 550 959 629 neque
974 537 1009 576 2⁰
1030 522 1166 600 simius
1184 524 1280 618 iste,

208 662 241 699 ²1
260 646 328 722 Nil
347 666 485 749 praeter
505 648 700 742 Calvum,
723 668 761 726 et
781 652 914 729 doetus
932 668 1090 728 eantare
1108 652 1320 735 Catullum.

207 773 265 845 At
285 798 471 873 magnum
496 771 615 864 fecit,
636 775 742 876 quod
763 774 894 851 verbis
914 776 1051 853 Graeca
1070 779 1223 855 Latinis

208 893 386 974 Miscuit.
408 912 442 947 22
463 897 498 972 O
517 895 594 973 scri
613 898 853 979 studiorum!
874 901 907 951 ²³
923 902 1042 1006 quine
1061 904 1203 1006 putetis
1315 1000 1319 1008 r

208 1016 383 1095 Difficile
408 1035 447 1096 et
469 1019 635 1117 mirum,
657 1022 815 1102 Rhodio
831 1028 936 1130 quod
953 1043 987 1095 ²4
1003 1022 1244 1107 Pitholeo'nti
1300 1039 1303 1046 '

157 1158 160 1162 ’
212 1149 396 1250 Contigit.
419 1151 474 1226 At
491 1178 616 1228 sermo
633 1152 769 1258 lingua
786 1155 996 1244 concinnus
1010 1173 1175 1262 utraque

211 1273 403 1367 Suavior,
424 1276 458 1326 2⁵
475 1292 518 1353 ut
533 1277 634 1355 Chio
650 1297 742 1356 nota
759 1279 790 1357 si
810 1281 1010 1359 commista
1031 1282 1188 1359 Falerni
1205 1300 1273 1361 est.

213 1403 314 1479 Cum
330 1429 461 1481 versus
477 1406 598 1483 facias
614 1467 626 1500 ,
652 1410 817 1511 teipsum
835 1427 1057 1514 percontor,
1071 1412 1106 1462 2⁶
1120 1439 1172 1487 an
1187 1428 1227 1486 et
1241 1437 1334 1485 oum

213 1525 324 1602 Dura
345 1528 416 1605 tihi
440 1532 661 1633 peragenda
678 1548 713 1599 ²7
734 1532 790 1607 rei
812 1535 861 1609 sit
881 1562 997 1611 causa
1017 1532 1174 1627 Petilll,

215 1656 376 1734 Scilicet
396 1658 539 1736 oblitus
557 1661 796 1765 patriaeque,
818 1663 1013 1767 patrisque
1035 1639 1194 1755 Latini,

178 1811 181 1818 ·
215 1782 317 1858 Cum
336 1784 478 1860 Pedius
497 1812 631 1862 causas
649 1788 684 1837 ²⁸
700 1788 860 1864 exsudet
877 1787 1100 1893 Poplicola,
1117 1804 1236 1894 atque

215 1923 250 1972 29
266 1910 481 2003 Corvinus,
501 1912 534 1964 30
553 1913 687 2014 patriis
705 1913 970 1991 intermiscere
991 1915 1114 2019 Jaetita

215 2038 352 2116 Verba
369 2042 398 2092 3¹
419 2041 512 2117 foris
530 2041 669 2133 malis,
690 2043 724 2094 32
744 2043 930 2120 Canusini
945 2071 1052 2120 more
1070 2042 1288 2146 bilinguis?

214 2169 348 2269 Atque
369 2193 440 2270 ego
458 2196 549 2243 eum
569 2169 723 2245 Graecos
741 2170 935 2264 facerem,
957 2169 990 2221 33
1003 2185 1116 2246 natus
1136 2196 1243 2244 mare
1264 2167 1379 2261 eitra,

215 2291 465 2385 Versiculos,
489 2294 615 2395 uetuit
630 2323 693 2371 me
713 2294 782 2371 tali
799 2322 893 2372 voce
910 2296 944 2361 34
958 2283 1165 2399 Quirinus,
1206 2378 1209 2384 ‚

216 2396 310 2495 Post
325 2419 498 2495 mediam
518 2414 671 2497 noctem
695 2422 822 2514 visus,
844 2450 933 2497 cum
951 2421 1103 2498 somnia
1116 2419 1149 2471 3⁵
1164 2446 1284 2498 vera:

215 2542 251 2593 ³⁶
271 2526 317 2617 ln
338 2542 476 2620 silvam
495 2575 572 2621 non
591 2545 699 2648 ligna
719 2547 820 2623 feras
840 2546 1036 2639 insanius,
1060 2574 1108 2622 ac
1128 2545 1160 2622 si

215 2672 383 2773 Magnas
401 2674 434 2739 37
451 2673 674 2750 Graecorum
694 2676 810 2752 melis
829 2674 991 2778 implere
1016 2690 1204 2754 catervas.

215 2793 252 2846 3⁸
262 2796 458 2899 Turgidus
468 2798 635 2899 Alpinus
647 2801 678 2867 39
692 2800 843 2904 jugulat
855 2801 951 2876 dum
964 2801 1199 2891 Memnona,
1211 2798 1380 2903 dumque

215 2947 316 3000 bellus.
341 2964 376 2998 no
387 2946 482 3021 Neque
504 2951 679 3017 Demetrius,
700 2950 783 3004 Potite
817 2949 930 3004 Petilli:
948 2952 1006 3022 Qui
1019 2968 1135 3003 auream
1147 2967 1282 3002 coronam
1301 2950 1379 3002 Ionis

214 3029 344 3084 deformis
364 3045 391 3083 et
413 3030 502 3084 brevis
525 3047 641 3088 staturae.
667 3036 782 3105 nsQui
810 3031 933 3103 furnus
953 3048 1004 3085 est.
1031 3033 1065 3085 28
1087 3033 1157 3087 Cum
1175 3032 1273 3086 Pedius
1287 3046 1379 3100 ,causes

214 3114 286 3168 nihil
303 3130 411 3169 cantare
426 3113 540 3184 didicit,
559 3134 655 3191 preter
666 3116 783 3174 Calvum
818 3132 878 3190 egat
893 3136 955 3170 eum
968 3115 1075 3170 sudore.
1093 3134 1128 3188 29
1141 3116 1274 3170 Corvinus
1286 3116 1378 3169 Orator

214 3212 244 3253 et
262 3197 399 3252 Catullum
417 3200 512 3253 Poetae
527 3200 624 3275 elegos.
818 3198 1005 3266 clarissimus,
1032 3197 1123 3253 Petilli
1150 3214 1316 3265 accusator,
1340 3198 1376 3249 sic

252 3281 287 3335 ‘22
309 3280 461 3346 Odenatus
477 3287 522 3357 qui
534 3303 593 3338 sero
609 3285 703 3341 studiis
716 3305 783 3361 ope-
818 3286 900 3338 etiam
911 3282 1018 3338 Pedius.
1036 3282 1072 3335 30
1081 3284 1194 3337 Latinis.
1210 3282 1242 3335 31
1256 3277 1374 3336 Aliunde.

210 3382 273 3420 ram
292 3362 413 3419 dedistis.
446 3366 480 3419 23
499 3369 555 3436 Qui
574 3373 682 3443 putetis.
706 3372 783 3424 Nam
860 3367 895 3419 32
918 3366 997 3440 Apud
1024 3366 1174 3421 Canusium
1198 3365 1325 3440 oppidum
1348 3363 1378 3416 in

211 3449 381 3523 particula,
396 3468 449 3514 ue,
467 3451 596 3503 abundat
615 3460 648 3505 in
664 3469 781 3506 senten·
817 3448 929 3526 Apulia,
944 3453 1041 3523 partim
1054 3450 1166 3517 Graece,
1179 3452 1276 3523 partim
1288 3448 1379 3501 Latine

214 3538 277 3594 tia,
296 3532 345 3582 nel
360 3533 525 3603 conjunctio
543 3550 585 3586 est
599 3534 781 3608 confirmans.
815 3533 1002 3608 loquebantur.
1017 3534 1052 3587 33
1063 3534 1149 3588 Natus
1162 3535 1191 3587 in
1204 3532 1308 3606 Apuliae
1317 3531 1381 3583 lini-
1396 3558 1399 3569 «

213 3625 249 3682 24
269 3612 432 3681 Pitholeon,
456 3616 537 3668 Poe'te
556 3619 662 3691 ineptus
678 3618 709 3671 vin
728 3623 782 3674 suis
815 3615 875 3671 bns.
891 3617 923 3684 34
942 3615 1069 3671 Romulus
1084 3615 1183 3691 linguae
1196 3618 1300 3669 Latinae
1314 3631 1379 3667 suc-

213 3697 421 3770 Epigrnmmatis
437 3697 532 3753 Graeca
549 3701 652 3754 Latinis
670 3702 780 3754 immis-
815 3714 866 3754 tor.
878 3700 911 3754 35
922 3701 993 3755 Cum
1003 3702 1106 3754 somnia
1116 3715 1179 3753 sunt
1187 3719 1259 3754 vera.
1271 3698 1307 3752 36
1315 3698 1380 3750 Huc

213 3783 280 3833 cuit.
297 3780 331 3834 25
342 3779 580 3851 Quemadmodum
595 3785 616 3837 si
631 3786 696 3837 vino
709 3783 780 3839 Chio
803 3799 878 3837 sunt
911 3783 993 3837 verba
1026 3785 1135 3854 Quirini
1163 3783 1199 3839 ed
1228 3783 1379 3837 Horatium.

140 3908 150 3922 „
211 3863 354 3917 Falernum
371 3865 405 3917 sit
420 3866 608 3920 commixtum.
814 3865 850 3939 37
868 3865 1027 3921 Graecorum
1045 3885 1180 3921 versuum.

249 3947 284 4000 26
293 3949 336 4000 An
344 3949 477 4020 tufpntriae
488 3940 670 4013 oblitus,etc.
680 3948 777 4005 Groeca
857 3951 893 4005 38
923 3950 1035 4025 Alpinus
1065 3949 1134 4024 stylo
1162 3951 1245 4004 utitur
1276 3947 1376 4002 inllato.

210 4031 303 4103 patriis
313 4032 464 4087 immiscere
481 4031 580 4087 malis?
597 4051 631 4106 27
648 4036 773 4088 Accusati
811 4033 849 4106 39
867 4036 942 4088 Dum
960 4033 1039 4091 melis
1057 4031 1221 4090 carminibus
1236 4030 1375 4085 historiam
