2842 4750
176 302 250 383 158
569 315 608 386 o.
661 309 940 370 nontrrr

379 456 497 536 Nube
521 456 556 525 3⁷
577 454 710 561 polum
734 470 845 558 pater
867 469 1083 558 occupato,

274 581 355 663 Vel
378 581 456 660 sole
481 609 604 687 puro:
626 606 705 656 non
729 595 862 656 tamen
884 577 1065 671 irritum,

275 711 312 764 3⁸
334 710 619 814 Quodcumque
646 724 750 784 retro
773 724 856 802 est,
883 706 1052 802 efficiet3
1077 732 1207 813 neque

326 836 361 905 39
386 835 605 939 Diffinget‚
632 833 903 938 infectumque
927 832 1091 924 reddet,

379 960 494 1065 Quod
517 958 672 1063 fugiens
695 957 817 1035 semel
840 957 937 1036 hora
959 957 1080 1035 vexit.

277 1092 451 1170 Fortuna
474 1103 509 1153 40
531 1115 634 1164 saevo
658 1086 749 1163 laeta
771 1086 954 1192 negotio,
976 1105 1015 1164 et

279 1215 439 1292 Ludutn
460 1213 692 1291 insolentem
714 1212 850 1289 ludere
872 1212 1076 1315 pertinax,

330 1346 580 1421 Transmutat
605 1340 773 1418 incertos
798 1339 992 1432 honores3

354 1566 356 1571 .
380 1473 499 1548 Nunc
519 1470 650 1563 mibi,
676 1498 782 1547 nuno
805 1468 875 1545 alii
899 1466 1084 1572 benigna.
1137 1486 1139 1489 ’

281 1595 420 1673 Laudo
441 1612 473 1662 4Ι
496 1612 750 1672 manentem:
773 1610 809 1661 4²
832 1592 864 1671 si
887 1591 1034 1670 celeres
1053 1587 1181 1694 quatit

281 1729 464 1816 Pennas,
489 1722 697 1827 4³‚resigno
724 1750 812 1829 quae
832 1721 968 1814 dedit;
993 1735 1029 1788 44
1052 1736 1089 1795 et
1111 1744 1203 1793 mea

332 1850 493 1932 Virtute
514 1877 590 1926 mew
604 1847 793 1940 involem,
817 1848 852 1915 45
874 1845 1116 1952 probamque

381 1974 619 2079 Pauperiem
640 1972 724 2075 siue
748 1973 836 2049 dote
860 1999 1004 2075 quaero.

282 2101 319 2169 4⁶
340 2101 432 2176 Non
457 2115 514 2176 est
538 2127 698 2192 meum,
723 2096 755 2175 si
779 2097 932 2201 mugiat
955 2093 1107 2172 Africis

282 2244 319 2297 47
342 2227 474 2312 Malus
497 2227 704 2332 procellis,
730 2227 781 2302 ad
804 2226 965 2303 miseras
988 2214 1122 2328 preces

332 2353 579 2446 Decurrere,
607 2354 642 2421 48
668 2367 707 2429 et
731 2351 830 2430 votis
855 2350 1030 2457 pacisci,

257 2491 258 2494 ’
363 2480 446 2554 'Ne
471 2493 505 2545 49
530 2477 715 2582 Cypriae‚
743 2477 953 2582 Tyriaeque
978 2500 1125 2553 meroes

283 2605 448 2682 Addant
472 2607 507 2658 ⁵0
529 2634 650 2684 avaro
676 2605 835 2684 divitias
858 2605 973 2684 mari.

183 2787 321 2857 nunniti
331 2804 386 2856 ert,
398 2806 456 2843 non
467 2786 569 2861 pendet
583 2809 618 2843 ex
634 2790 750 2845 fortune
784 2788 865 2845 rebus
883 2789 1021 2855 extemir3
1043 2801 1085 2843 ert
1101 2786 1226 2862 Memph.
1248 2786 1360 2846 ductui

182 2875 383 2940 inconstantia,
406 2871 454 2926 eed
475 2875 550 2946 parvi
572 2874 637 2929 lacit
659 2890 750 2928 utrum
784 2872 902 2927 restibus
912 2912 922 2938 ,
941 2871 1038 2947 quibus
1052 2871 1223 2926 involvimur.
1237 2874 1272 2941 45
1284 2874 1362 2929 Pau·
1401 2911 1408 2937 4

183 2958 362 3025 adverterit,
384 2976 419 3010 en
440 2956 506 3011 felix
526 2956 613 3012 littura
632 2958 748 3015 fortuna.
784 2957 887 3029 perlem
903 2975 967 3009 cum
986 2956 1083 3011 virtute
1103 2958 1279 3029 conjunctam
1296 2960 1361 3015 eine

220 3043 255 3113 57
277 3041 385 3098 Culum
402 3056 460 3096 atra
478 3040 551 3096 nube
572 3043 678 3116 Jupiter
696 3061 749 3098 oc·
785 3038 882 3113 opibus
900 3059 1000 3114 quero.

183 3140 274 3197 eupet.
676 3156 679 3162 ,
822 3125 858 3192 46
882 3124 942 3178 Nec
964 3125 1049 3188 vitae,
1070 3141 1123 3177 nec
1145 3124 1275 3197 propositi
1300 3127 1362 3181 mei

217 3207 254 3260 38
259 3207 460 3283 Quodcumque
473 3210 527 3280 jam
536 3211 666 3284 praeteriit
676 3249 684 3277 ,
693 3226 752 3263 nott
787 3222 827 3264 est
839 3208 1018 3282 navigationis
1029 3204 1150 3281 periculo
1165 3225 1210 3261 me
1226 3210 1365 3264 commit-

182 3304 272 3364 poteet
281 3293 388 3345 mutari.
403 3294 438 3365 59
451 3294 546 3369 Neque
558 3293 693 3363 destruet,
707 3292 752 3349 vel
787 3307 860 3359 tere,
875 3305 977 3346 utrem
992 3307 1122 3364 augeam
1137 3291 1240 3343 etenim
1253 3310 1364 3366 pauper

181 3372 346 3427 immutabit.
680 3373 682 3377 ’
787 3382 844 3430 eeie
861 3372 943 3428 melo.
961 3382 996 3447 47
1014 3372 1102 3427 Arbor
1117 3375 1205 3427 navit.
1226 3376 1262 3442 48
1283 3375 1363 3431 cum

220 3466 256 3525 4ο
277 3458 395 3510 Fornma
411 3460 443 3511 in
459 3459 539 3513 rebur
554 3460 672 3515 adversio
684 3479 752 3535 guu—
786 3460 849 3513 Diis
868 3455 1068 3533 quodammodo
1089 3459 1159 3510 rotie
1182 3472 1210 3511 et
1226 3457 1365 3532 precibus

183 3539 253 3595 dens
275 3542 390 3607 sevire,
412 3557 441 3596 et
464 3544 637 3616 pertinaciter
656 3543 752 3599 ludere
787 3543 907 3615 pacisci,
924 3559 959 3595 ne
974 3537 1077 3596 merces
1093 3559 1161 3597 mete
1174 3543 1205 3594 in
1220 3543 1291 3596 mari
1305 3562 1368 3617 pe-

182 3622 279 3678 ludum
291 3637 403 3678 novum.
423 3626 554 3680 Juvenal:
566 3633 676 3701 quoties
692 3647 751 3682 νο·
787 3641 874 3681 retent.

183 3708 244 3761 luit
252 3706 381 3781 fortuna
391 3708 499 3781 jocari.
751 3697 754 3705 ’
822 3719 859 3783 49
875 3708 982 3763 Merces
1000 3707 1124 3783 Cypriae,
1150 3726 1201 3780 pro
1217 3708 1365 3762 mercibus

219 3799 252 3858 4¹
270 3792 416 3845 Fortunam
432 3788 566 3847 stabilem.
588 3801 624 3860 42
645 3791 674 3845 Si
683 3790 752 3866 fugit
786 3793 1025 3866 quibuscumqu03
1051 3792 1152 3863 species
1172 3805 1213 3845 eet
1228 3808 1278 3864 pro
1305 3809 1363 3863 ge-

183 3885 212 3928 et
223 3872 335 3929 advena
351 3891 401 3930 est.
418 3875 453 3943 43
467 3873 570 3930 Reddo.
785 3893 860 3928 nere.
875 3875 909 3927 50
921 3875 993 3931 Meri
1003 3871 1148 3932 insatiabili
1154 3911 1166 3948 7
1176 3870 1250 3948 quod
1260 3873 1364 3927 omnia

215 3964 254 4033 44
264 3959 301 4015 Et
311 3960 380 4031 meio
388 3978 432 4022 tue
444 3957 588 4039 virtutibut
600 3977 684 4037 orno,
693 3977 751 4018 uon
786 3956 918 4038 tbtorbet.
