2842 4750
332 272 665 327 csnuruuu·
716 274 829 327 its.
883 276 910 327 1.
1153 258 1198 333 15

3 466 7 493 =
35 394 202 476 Tiburis
222 394 363 481 umbra
381 399 450 476 tui.
480 403 633 476 Teucer
649 414 684 465 27
702 398 899 475 Salamina
918 459 935 492 ,.
956 417 1183 507 patremque

85 523 123 572 ²⁸
141 523 241 599 Cum
260 521 436 624 fugeret,
461 508 594 599 tameo
619 524 697 600 uda
721 525 841 627 Lyceo
866 538 869 542 ‘

33 659 68 712 ²9
96 647 288 748 Tempora
314 646 348 698 30
370 647 534 748 populea
555 648 678 724 fertur
701 649 869 725 vinxisse
890 677 1055 744 corona,

88 773 155 848 Sic
181 772 305 848 tristes
330 764 469 850 affatus
494 774 662 851 amicos:

34 899 128 997 Quo
146 925 213 972 nos
231 925 399 1000 cumque
418 898 517 974 feret
535 901 565 950 31
585 896 726 976 melior
742 901 895 976 fortuna
912 919 1071 1003 parente

90 1021 263 1115 Ibimus,
288 1024 453 1127 dcccii,
478 1027 726 1131 comitesque.

34 1151 108 1226 Nil
128 1152 407 1259 desperandum
428 1158 579 1230 Teucro
600 1156 725 1246 duce,
750 1172 787 1230 et
805 1155 838 1206 32
860 1157 1015 1259 auspice
1035 1152 1199 1240 Teucro.

78 1276 122 1329 ‘³3
148 1281 282 1354 Certus
300 1280 406 1355 euim
423 1280 598 1383 promisit
615 1278 758 1383 Apollo

36 1401 73 1466 ³4
99 1401 338 1504 Ambiguum
365 1403 501 1480 tellure
528 1433 627 1493 nora
657 1405 855 1481 Salamina
879 1405 1063 1482 futurem.

92 1525 126 1600 O
155 1525 293 1618 sortes,
318 1526 352 1578 3⁵
374 1526 580 1630 pejoraque
606 1528 706 1632 passi

36 1655 199 1731 Mecum
217 1683 315 1758 saepe
338 1656 440 1748 viri,
463 1684 567 1732 nunc
590 1656 681 1733 vino
704 1656 835 1759 pellite
862 1666 999 1733 curas:

88 1781 182 1857 Cras
205 1779 339 1882 ingens
362 1781 395 1832 3⁶
420 1779 646 1856 iterabimus
673 1768 814 1884 aequor.

73 1963 109 2015 27
126 1943 272 1998 Civitatem
282 1942 458 2011 Telamonis,
476 1947 521 2018 qui
535 1944 601 1999 duos
635 1944 854 2018 lamen-negavit.
874 1943 910 1997 32
922 1944 970 1999 Me
984 1945 1090 2000 Teucro
1103 1946 1201 2004 horta·

36 2027 134 2081 habuit
155 2027 223 2080 lilios
241 2067 250 2094 ,
270 2027 407 2081 Teucrum
428 2043 454 2081 et
481 2031 601 2100 Ajacem.
636 2042 703 2081 tore.

36 2113 74 2163 28
97 2112 227 2179 Quamvis
245 2109 356 2182 fugeret.
376 2129 411 2182 29
433 2111 520 2182 Caput
537 2113 601 2164 vino
673 2109 707 2160 33
723 2107 819 2179 Apollo
833 2100 1041 2162 uonfallax'aut
1053 2115 1197 2169 mentiens.

35 2193 190 2247 madidum.
199 2195 303 2266 Lyaeus,
315 2212 416 2246 nomen
423 2193 525 2246 Bacchi
532 2233 541 2260 ,
553 2213 604 2266 po-
638 2191 672 2256 54
682 2191 807 2243 Promisit
816 2189 882 2242 duas
891 2190 946 2243 fore
957 2191 1121 2259 Salaminos,
1131 2214 1199 2267 qua·

35 2281 112 2333 nitur
124 2296 174 2350 pro
184 2277 260 2329 vino.'
275 2276 308 2328 30
320 2275 427 2330 Corona
444 2294 479 2328 ex
491 2274 600 2328 frondi·
635 2292 695 2327 rum
716 2272 800 2325 altera
814 2291 888 2324 nunc
905 2275 987 2325 estin
1000 2276 1108 2339 Attica,
1128 2275 1198 2329 alte-

35 2361 87 2416 bus
98 2357 190 2434 populi
205 2359 318 2425 arboris,
333 2378 391 2432 quae
400 2360 484 2411 animi
494 2359 601 2411 fortitu·
636 2375 694 2412 ram
707 2375 758 2429 ego
768 2371 796 2410 et
806 2374 852 2408 vos
865 2354 1012 2412 condemur
1021 2359 1050 2411 in
1060 2358 1157 2431 Cypro.
1179 2407 1188 2425 ,

34 2445 131 2498 dinem
149 2442 269 2496 denotat.
284 2442 315 2495 31
331 2443 451 2508 Melior,
467 2445 529 2515 quia
541 2442 600 2495 for·
672 2440 706 2493 35
717 2439 819 2512 Opassi
830 2440 964 2510 graviora!
980 2441 1199 2513 Vtrgtl.561u-
1212 2492 1221 2508 ,

32 2525 180 2580 tunamihi
193 2527 305 2600 patriam
316 2524 407 2595 dabit,
421 2540 449 2578 at
456 2539 531 2598 pater
540 2526 615 2579 Te-'
636 2542 697 2578 rum
710 2522 905 2596 navigabimus.

217 2720 311 2795 AD
362 2719 674 2798 LYDIAM.
730 2719 813 2794 Ode
865 2719 1024 2797 VIII.
1069 2822 1073 2827 .

35 2918 219 2991 Obscura
240 2922 424 3016 juvenem
458 2916 693 3015 quemdam,
735 2932 782 2988 uc
806 2942 940 3004 autore
967 2917 1198 3014 perditum,

563 3042 685 3101 notat.

29 3158 218 3271 ¹LYD1A
235 3196 321 3289 dic,
337 3224 407 3300 per
426 3222 556 3271 omnes

87 3324 151 3397 Te
169 3321 257 3396 deos
273 3350 363 3414 oro,
377 3337 394 3372 2
413 3319 581 3424 Sybarin
598 3347 667 3402 cur
682 3319 886 3424 properes»3
903 3322 1071 3398 amando

24 3457 45 3505 ⁴
63 3444 266 3520 Perdere:
285 3472 353 3519 cur
369 3446 545 3548 apricum

85 3572 231 3648 Oderit
246 3572 260 3623 ⁵
277 3601 485 3675 campum,
506 3575 522 3622 ⁶
539 3572 687 3674 patiens
704 3572 872 3675 pulveris
890 3590 1007 3678 atque
1025 3573 1143 3652 solis?
1253 3663 1254 3666 Ἴ

70 3751 83 3783 ι
99 3717 240 3785 Meretrix
248 3728 406 3795 delicatum,
420 3749 477 3783 non
491 3729 602 3803 vulgaris
632 3727 768 3802 ligurire,
794 3744 821 3782 et
840 3732 958 3801 corporis
975 3731 1046 3782 viret
1067 3727 1200 3798 frangere.

28 3812 145 3866 formoe.
169 3815 336 3866 2Juvenem
355 3811 473 3867 mollem.
494 3813 602 3866 3Dum
637 3813 654 3866 5
679 3812 811 3885 Campum
844 3815 973 3865 Martium
1005 3831 1053 3864 cur
1086 3810 1201 3863 oderit?
1244 3845 1248 3850 -

25 3897 69 3949 tui
83 3914 184 3952 emere
199 3910 292 3969 captus
302 3896 456 3974 ettgitfijua
470 3895 540 3952 bona
550 3895 602 3952 ab·
637 3896 760 3972 &Quum
775 3898 858 3969 possit
878 3899 937 3969 pati
952 3892 1089 3970 pulverem
1108 3907 1135 3948 et
1147 3911 1200 3947 so·-
