<?xml version="1.0" encoding="UTF-8"?>
<!DOCTYPE html PUBLIC "-//W3C//DTD XHTML 1.0 Transitional//EN"
    "http://www.w3.org/TR/xhtml1/DTD/xhtml1-transitional.dtd">
<html xmlns="http://www.w3.org/1999/xhtml" xml:lang="en" lang="en">
 <head>
  <title>
</title>
<meta http-equiv="Content-Type" content="text/html;charset=utf-8" />
  <meta name='ocr-system' content='tesseract 3.04.00' />
  <meta name='ocr-capabilities' content='ocr_page ocr_carea ocr_par ocr_line ocrx_word'/>
</head>
<body>
  <div class='ocr_page' id='page_1' title='image "./quintushoratius01horagoog_0159.png"; bbox 0 0 2842 4750; ppageno 0'>
   <div class='ocr_carea' id='block_1_1' title="bbox 318 290 1201 404">
    <p class='ocr_par' dir='ltr' id='par_1_1' title="bbox 318 290 1201 404">
     <span class='ocr_line' id='line_1_1' title="bbox 318 290 1201 404; baseline -0.003 -19"><span class='ocrx_word' id='word_1_1' title='bbox 318 324 648 386; x_wconf 78' lang='lat' dir='ltr'><strong>etnuruuu</strong></span> <span class='ocrx_word' id='word_1_2' title='bbox 681 321 806 384; x_wconf 75' lang='lat' dir='ltr'><strong>&#39;nin</strong></span> <span class='ocrx_word' id='word_1_3' title='bbox 859 328 943 383; x_wconf 85' lang='lat'>111.</span> <span class='ocrx_word' id='word_1_4' title='bbox 1129 290 1201 404; x_wconf 81' lang='lat' dir='ltr'><strong>r07</strong></span> 
     </span>
    </p>
   </div>
   <div class='ocr_carea' id='block_1_2' title="bbox 49 458 1221 3859">
    <p class='ocr_par' dir='ltr' id='par_1_2' title="bbox 49 458 1221 3857">
     <span class='ocr_line' id='line_1_2' title="bbox 242 458 978 565; baseline -0.005 -26"><span class='ocrx_word' id='word_1_5' title='bbox 242 464 370 539; x_wconf 86' lang='lat' dir='ltr'><strong>Omne</strong></span> <span class='ocrx_word' id='word_1_6' title='bbox 391 492 543 541; x_wconf 86' lang='lat' dir='ltr'><strong>sacrum</strong></span> <span class='ocrx_word' id='word_1_7' title='bbox 563 478 596 528; x_wconf 79' lang='lat'><strong>4²</strong></span> <span class='ocrx_word' id='word_1_8' title='bbox 618 460 793 565; x_wconf 72' lang='lat' dir='ltr'>rapiente</span> <span class='ocrx_word' id='word_1_9' title='bbox 820 458 978 540; x_wconf 72' lang='lat' dir='ltr'><strong>dextra</strong></span> 
     </span>
     <span class='ocr_line' id='line_1_3' title="bbox 146 583 1023 691; baseline -0.005 -30"><span class='ocrx_word' id='word_1_10' title='bbox 146 585 391 691; x_wconf 87' lang='lat' dir='ltr'><strong>Quicumque</strong></span> <span class='ocrx_word' id='word_1_11' title='bbox 417 584 557 661; x_wconf 88' lang='lat' dir='ltr'><strong>mundi</strong></span> <span class='ocrx_word' id='word_1_12' title='bbox 579 585 613 650; x_wconf 87' lang='grc'><strong>43</strong></span> <span class='ocrx_word' id='word_1_13' title='bbox 634 583 822 661; x_wconf 89' lang='lat' dir='ltr'><strong>terminus</strong></span> <span class='ocrx_word' id='word_1_14' title='bbox 844 583 1023 681; x_wconf 86' lang='lat' dir='ltr'><strong>obstitit,</strong></span> 
     </span>
     <span class='ocr_line' id='line_1_4' title="bbox 143 704 1055 819; baseline -0.001 -34"><span class='ocrx_word' id='word_1_15' title='bbox 143 726 179 775; x_wconf 88' lang='grc'><strong>44</strong></span> <span class='ocrx_word' id='word_1_16' title='bbox 201 713 316 786; x_wconf 92' lang='lat' dir='ltr'><strong>Hunc</strong></span> <span class='ocrx_word' id='word_1_17' title='bbox 338 726 473 812; x_wconf 87' lang='lat' dir='ltr'><strong>tangat</strong></span> <span class='ocrx_word' id='word_1_18' title='bbox 493 709 636 802; x_wconf 88' lang='lat' dir='ltr'><strong>armis,</strong></span> <span class='ocrx_word' id='word_1_19' title='bbox 662 708 787 785; x_wconf 88' lang='lat' dir='ltr'><strong>visere</strong></span> <span class='ocrx_word' id='word_1_20' title='bbox 812 704 977 811; x_wconf 86' lang='lat' dir='ltr'><strong>gestiens</strong></span> <span class='ocrx_word' id='word_1_21' title='bbox 1035 775 1055 819; x_wconf 18' lang='grc' dir='ltr'><strong>Α,</strong></span> 
     </span>
     <span class='ocr_line' id='line_1_5' title="bbox 193 833 938 937; baseline -0.003 -27"><span class='ocrx_word' id='word_1_22' title='bbox 193 834 228 900; x_wconf 84' lang='grc'><strong>45</strong></span> <span class='ocrx_word' id='word_1_23' title='bbox 249 836 336 936; x_wconf 88' lang='lat' dir='ltr'><strong>Qua</strong></span> <span class='ocrx_word' id='word_1_24' title='bbox 357 850 466 937; x_wconf 89' lang='lat' dir='ltr'><strong>parte</strong></span> <span class='ocrx_word' id='word_1_25' title='bbox 489 833 782 910; x_wconf 83' lang='lat' dir='ltr'><strong>debacchentur</strong></span> <span class='ocrx_word' id='word_1_26' title='bbox 803 833 911 936; x_wconf 89' lang='lat' dir='ltr'><strong>ignes</strong></span> <span class='ocrx_word' id='word_1_27' title='bbox 920 862 938 924; x_wconf 87' lang='lat'><strong>·,</strong></span> 
     </span>
     <span class='ocr_line' id='line_1_6' title="bbox 70 961 947 1066; baseline 0.001 -28"><span class='ocrx_word' id='word_1_28' title='bbox 70 1050 73 1055; x_wconf 38' lang='grc'>,</span> <span class='ocrx_word' id='word_1_29' title='bbox 245 965 280 1028; x_wconf 89' lang='grc'><strong>46</strong></span> <span class='ocrx_word' id='word_1_30' title='bbox 297 965 384 1064; x_wconf 86' lang='lat' dir='ltr'><strong>Qua</strong></span> <span class='ocrx_word' id='word_1_31' title='bbox 403 962 584 1056; x_wconf 76' lang='lat' dir='ltr'><strong>nebulae,</strong></span> <span class='ocrx_word' id='word_1_32' title='bbox 609 961 811 1066; x_wconf 86' lang='lat' dir='ltr'><strong>pluviique</strong></span> <span class='ocrx_word' id='word_1_33' title='bbox 832 987 947 1039; x_wconf 89' lang='lat' dir='ltr'><strong>rores.</strong></span> 
     </span>
     <span class='ocr_line' id='line_1_7' title="bbox 146 1084 840 1188; baseline 0.001 -27"><span class='ocrx_word' id='word_1_34' title='bbox 146 1086 223 1162; x_wconf 88' lang='lat' dir='ltr'><strong>Sed</strong></span> <span class='ocrx_word' id='word_1_35' title='bbox 246 1085 439 1164; x_wconf 83' lang='lat' dir='ltr'><strong>bellicosis</strong></span> <span class='ocrx_word' id='word_1_36' title='bbox 461 1104 496 1156; x_wconf 84' lang='lat'><strong>4⁷</strong></span> <span class='ocrx_word' id='word_1_37' title='bbox 518 1087 599 1164; x_wconf 83' lang='lat' dir='ltr'><strong>fata</strong></span> <span class='ocrx_word' id='word_1_38' title='bbox 621 1084 840 1188; x_wconf 88' lang='lat' dir='ltr'><strong>Quiritibus</strong></span> 
     </span>
     <span class='ocr_line' id='line_1_8' title="bbox 147 1208 857 1314; baseline 0.001 -28"><span class='ocrx_word' id='word_1_39' title='bbox 147 1208 233 1286; x_wconf 85' lang='lat' dir='ltr'><strong>Hac</strong></span> <span class='ocrx_word' id='word_1_40' title='bbox 258 1211 345 1314; x_wconf 86' lang='lat' dir='ltr'><strong>lege</strong></span> <span class='ocrx_word' id='word_1_41' title='bbox 366 1213 482 1291; x_wconf 91' lang='lat' dir='ltr'><strong>dico:</strong></span> <span class='ocrx_word' id='word_1_42' title='bbox 507 1241 555 1289; x_wconf 83' lang='lat' dir='ltr'><strong>ne</strong></span> <span class='ocrx_word' id='word_1_43' title='bbox 582 1212 750 1288; x_wconf 88' lang='lat' dir='ltr'><strong>nimium</strong></span> <span class='ocrx_word' id='word_1_44' title='bbox 773 1211 857 1314; x_wconf 92' lang='lat' dir='ltr'><strong>pii,</strong></span> 
     </span>
     <span class='ocr_line' id='line_1_9' title="bbox 197 1338 826 1443; baseline 0 -28"><span class='ocrx_word' id='word_1_45' title='bbox 197 1339 233 1403; x_wconf 80' lang='grc'><strong>48</strong></span> <span class='ocrx_word' id='word_1_46' title='bbox 255 1338 467 1443; x_wconf 88' lang='lat' dir='ltr'><strong>Rebusque</strong></span> <span class='ocrx_word' id='word_1_47' title='bbox 489 1340 679 1433; x_wconf 87' lang='lat' dir='ltr'><strong>fidentes,</strong></span> <span class='ocrx_word' id='word_1_48' title='bbox 709 1339 826 1415; x_wconf 84' lang='lat' dir='ltr'><strong>avitae</strong></span> 
     </span>
     <span class='ocr_line' id='line_1_10' title="bbox 247 1464 888 1569; baseline 0.008 -29"><span class='ocrx_word' id='word_1_49' title='bbox 247 1468 370 1541; x_wconf 85' lang='lat' dir='ltr'><strong>Tecta</strong></span> <span class='ocrx_word' id='word_1_50' title='bbox 392 1464 518 1543; x_wconf 83' lang='lat' dir='ltr'><strong>velint</strong></span> <span class='ocrx_word' id='word_1_51' title='bbox 542 1494 722 1569; x_wconf 86' lang='lat' dir='ltr'><strong>reparare</strong></span> <span class='ocrx_word' id='word_1_52' title='bbox 750 1465 888 1565; x_wconf 79' lang='lat' dir='ltr'><strong>Trojae.</strong></span> 
     </span>
     <span class='ocr_line' id='line_1_11' title="bbox 148 1589 854 1693; baseline 0.004 -29"><span class='ocrx_word' id='word_1_53' title='bbox 148 1604 182 1653; x_wconf 80' lang='grc'>49</span> <span class='ocrx_word' id='word_1_54' title='bbox 206 1589 332 1688; x_wconf 82' lang='lat' dir='ltr'><strong>Trojae</strong></span> <span class='ocrx_word' id='word_1_55' title='bbox 353 1618 555 1667; x_wconf 89' lang='lat' dir='ltr'><strong>renascens</strong></span> <span class='ocrx_word' id='word_1_56' title='bbox 579 1591 671 1667; x_wconf 88' lang='lat' dir='ltr'><strong>alite</strong></span> <span class='ocrx_word' id='word_1_57' title='bbox 692 1590 854 1693; x_wconf 83' lang='lat' dir='ltr'><strong>lugubri</strong></span> 
     </span>
     <span class='ocr_line' id='line_1_12' title="bbox 149 1708 891 1810; baseline 0.001 -21"><span class='ocrx_word' id='word_1_58' title='bbox 149 1715 319 1790; x_wconf 84' lang='lat' dir='ltr'><strong>Fortuna</strong></span> <span class='ocrx_word' id='word_1_59' title='bbox 342 1716 375 1767; x_wconf 86' lang='lat'><strong>⁵0</strong></span> <span class='ocrx_word' id='word_1_60' title='bbox 398 1717 496 1793; x_wconf 90' lang='lat' dir='ltr'><strong>tristi</strong></span> <span class='ocrx_word' id='word_1_61' title='bbox 522 1708 632 1792; x_wconf 88' lang='lat' dir='ltr'><strong>clade</strong></span> <span class='ocrx_word' id='word_1_62' title='bbox 656 1716 891 1810; x_wconf 77' lang='lat' dir='ltr'><strong>iterabitur,</strong></span> 
     </span>
     <span class='ocr_line' id='line_1_13' title="bbox 197 1837 781 1919; baseline 0.009 -6"><span class='ocrx_word' id='word_1_63' title='bbox 197 1837 377 1917; x_wconf 88' lang='lat' dir='ltr'><strong>Ducente</strong></span> <span class='ocrx_word' id='word_1_64' title='bbox 398 1841 579 1918; x_wconf 88' lang='lat' dir='ltr'><strong>victrices</strong></span> <span class='ocrx_word' id='word_1_65' title='bbox 604 1858 781 1919; x_wconf 90' lang='lat' dir='ltr'><strong>catervas</strong></span> 
     </span>
     <span class='ocr_line' id='line_1_14' title="bbox 244 1962 895 2068; baseline -0.002 -23"><span class='ocrx_word' id='word_1_66' title='bbox 244 1962 421 2068; x_wconf 86' lang='lat' dir='ltr'><strong>Conjuge</strong></span> <span class='ocrx_word' id='word_1_67' title='bbox 444 1991 507 2041; x_wconf 86' lang='lat' dir='ltr'><strong>me</strong></span> <span class='ocrx_word' id='word_1_68' title='bbox 530 1965 669 2058; x_wconf 83' lang='lat' dir='ltr'><strong>Jovis,</strong></span> <span class='ocrx_word' id='word_1_69' title='bbox 695 1983 735 2043; x_wconf 92' lang='lat' dir='ltr'><strong>et</strong></span> <span class='ocrx_word' id='word_1_70' title='bbox 755 1994 895 2047; x_wconf 80' lang='lat' dir='ltr'><strong>sorore.</strong></span> 
     </span>
     <span class='ocr_line' id='line_1_15' title="bbox 142 2076 836 2196; baseline -0.001 -24"><span class='ocrx_word' id='word_1_71' title='bbox 142 2092 233 2172; x_wconf 88' lang='lat' dir='ltr'><strong>.Ter</strong></span> <span class='ocrx_word' id='word_1_72' title='bbox 255 2076 286 2167; x_wconf 87' lang='lat' dir='ltr'><strong>si</strong></span> <span class='ocrx_word' id='word_1_73' title='bbox 312 2110 486 2196; x_wconf 85' lang='lat' dir='ltr'><strong>resurgat</strong></span> <span class='ocrx_word' id='word_1_74' title='bbox 509 2121 640 2169; x_wconf 88' lang='lat' dir='ltr'><strong>murus</strong></span> <span class='ocrx_word' id='word_1_75' title='bbox 663 2092 836 2171; x_wconf 84' lang='lat' dir='ltr'><strong>aheneus</strong></span> 
     </span>
     <span class='ocr_line' id='line_1_16' title="bbox 151 2220 937 2323; baseline 0.003 -29"><span class='ocrx_word' id='word_1_76' title='bbox 151 2220 183 2269; x_wconf 86' lang='lat'><strong>⁵1</strong></span> <span class='ocrx_word' id='word_1_77' title='bbox 208 2221 381 2297; x_wconf 88' lang='lat' dir='ltr'><strong>Auctore</strong></span> <span class='ocrx_word' id='word_1_78' title='bbox 404 2220 581 2314; x_wconf 90' lang='lat' dir='ltr'><strong>Pboebo,</strong></span> <span class='ocrx_word' id='word_1_79' title='bbox 607 2237 665 2296; x_wconf 90' lang='lat' dir='ltr'><strong>ter</strong></span> <span class='ocrx_word' id='word_1_80' title='bbox 688 2237 819 2323; x_wconf 89' lang='lat' dir='ltr'><strong>pereat</strong></span> <span class='ocrx_word' id='word_1_81' title='bbox 841 2220 937 2296; x_wconf 87' lang='lat' dir='ltr'><strong>meis</strong></span> 
     </span>
     <span class='ocr_line' id='line_1_17' title="bbox 114 2343 886 2450; baseline 0 -27"><span class='ocrx_word' id='word_1_82' title='bbox 114 2371 121 2375; x_wconf 88' lang='lat'>·</span> <span class='ocrx_word' id='word_1_83' title='bbox 202 2343 236 2395; x_wconf 80' lang='lat'><strong>⁵2</strong></span> <span class='ocrx_word' id='word_1_84' title='bbox 257 2344 417 2423; x_wconf 82' lang='lat' dir='ltr'><strong>Excisus</strong></span> <span class='ocrx_word' id='word_1_85' title='bbox 438 2346 628 2450; x_wconf 88' lang='lat' dir='ltr'><strong>Argivis,</strong></span> <span class='ocrx_word' id='word_1_86' title='bbox 650 2360 709 2422; x_wconf 89' lang='lat' dir='ltr'><strong>ter</strong></span> <span class='ocrx_word' id='word_1_87' title='bbox 734 2346 767 2397; x_wconf 80' lang='grc'><strong>53</strong></span> <span class='ocrx_word' id='word_1_88' title='bbox 789 2374 886 2423; x_wconf 86' lang='lat' dir='ltr'><strong>uxor</strong></span> 
     </span>
     <span class='ocr_line' id='line_1_18' title="bbox 254 2474 1071 2580; baseline 0 -31"><span class='ocrx_word' id='word_1_89' title='bbox 254 2474 376 2575; x_wconf 90' lang='lat' dir='ltr'><strong>Capta</strong></span> <span class='ocrx_word' id='word_1_90' title='bbox 398 2475 432 2540; x_wconf 89' lang='grc'><strong>54</strong></span> <span class='ocrx_word' id='word_1_91' title='bbox 454 2474 613 2569; x_wconf 86' lang='lat' dir='ltr'><strong>virum,</strong></span> <span class='ocrx_word' id='word_1_92' title='bbox 638 2503 852 2580; x_wconf 86' lang='lat' dir='ltr'><strong>puerosque</strong></span> <span class='ocrx_word' id='word_1_93' title='bbox 875 2475 1010 2579; x_wconf 89' lang='lat' dir='ltr'><strong>ploret.</strong></span> <span class='ocrx_word' id='word_1_94' title='bbox 1066 2569 1071 2574; x_wconf 15' lang='grc' dir='ltr'>ἱ</span> 
     </span>
     <span class='ocr_line' id='line_1_19' title="bbox 49 2593 913 2706; baseline 0.007 -31"><span class='ocrx_word' id='word_1_95' title='bbox 49 2593 59 2666; x_wconf 69' lang='lat' dir='ltr'>s</span> <span class='ocrx_word' id='word_1_96' title='bbox 154 2601 187 2651; x_wconf 85' lang='lat'><strong>⁵⁵</strong></span> <span class='ocrx_word' id='word_1_97' title='bbox 209 2601 299 2675; x_wconf 91' lang='lat' dir='ltr'><strong>Non</strong></span> <span class='ocrx_word' id='word_1_98' title='bbox 322 2599 395 2700; x_wconf 86' lang='lat' dir='ltr'><strong>boc</strong></span> <span class='ocrx_word' id='word_1_99' title='bbox 418 2601 554 2699; x_wconf 69' lang='lat' dir='ltr'><strong>jocosae</strong></span> <span class='ocrx_word' id='word_1_100' title='bbox 578 2603 784 2681; x_wconf 86' lang='lat' dir='ltr'><strong>conveniet</strong></span> <span class='ocrx_word' id='word_1_101' title='bbox 807 2603 913 2706; x_wconf 83' lang='lat' dir='ltr'><strong>lyrae.</strong></span> 
     </span>
     <span class='ocr_line' id='line_1_20' title="bbox 87 2782 1214 2861; baseline 0.002 -22"><span class='ocrx_word' id='word_1_102' title='bbox 87 2805 126 2854; x_wconf 78' lang='lat'><strong>4²</strong></span> <span class='ocrx_word' id='word_1_103' title='bbox 144 2789 264 2847; x_wconf 75' lang='lat' dir='ltr'><strong>Dextra,</strong></span> <span class='ocrx_word' id='word_1_104' title='bbox 280 2804 338 2857; x_wconf 76' lang='lat' dir='ltr'><strong>qua</strong></span> <span class='ocrx_word' id='word_1_105' title='bbox 354 2785 435 2838; x_wconf 80' lang='lat' dir='ltr'><strong>sacris</strong></span> <span class='ocrx_word' id='word_1_106' title='bbox 447 2805 504 2838; x_wconf 89' lang='lat' dir='ltr'><strong>non</strong></span> <span class='ocrx_word' id='word_1_107' title='bbox 516 2789 610 2859; x_wconf 85' lang='lat' dir='ltr'><strong>parcit.</strong></span> <span class='ocrx_word' id='word_1_108' title='bbox 690 2799 726 2861; x_wconf 84' lang='grc'>49</span> <span class='ocrx_word' id='word_1_109' title='bbox 745 2785 821 2841; x_wconf 90' lang='lat' dir='ltr'><strong>Ordo</strong></span> <span class='ocrx_word' id='word_1_110' title='bbox 840 2800 884 2844; x_wconf 71' lang='lat' dir='ltr'><strong>estv</strong></span> <span class='ocrx_word' id='word_1_111' title='bbox 901 2803 907 2838; x_wconf 76' lang='grc' dir='ltr'><em>τ</em></span> <span class='ocrx_word' id='word_1_112' title='bbox 931 2787 1048 2839; x_wconf 86' lang='lat' dir='ltr'><strong>Fortuna</strong></span> <span class='ocrx_word' id='word_1_113' title='bbox 1062 2782 1149 2859; x_wconf 71' lang='lat' dir='ltr'><strong>Trojae</strong></span> <span class='ocrx_word' id='word_1_114' title='bbox 1165 2805 1214 2841; x_wconf 87' lang='lat' dir='ltr'><strong>re-</strong></span> 
     </span>
     <span class='ocr_line' id='line_1_21' title="bbox 88 2867 1217 2943; baseline 0 -20"><span class='ocrx_word' id='word_1_115' title='bbox 88 2870 126 2938; x_wconf 81' lang='lat'><strong>43</strong></span> <span class='ocrx_word' id='word_1_116' title='bbox 143 2869 223 2922; x_wconf 87' lang='lat' dir='ltr'><strong>Polus</strong></span> <span class='ocrx_word' id='word_1_117' title='bbox 239 2868 453 2940; x_wconf 86' lang='lat' dir='ltr'><strong>septentrionalis</strong></span> <span class='ocrx_word' id='word_1_118' title='bbox 468 2885 494 2923; x_wconf 88' lang='lat' dir='ltr'><strong>et</strong></span> <span class='ocrx_word' id='word_1_119' title='bbox 506 2872 618 2925; x_wconf 79' lang='lat' dir='ltr'><strong>Austra-</strong></span> <span class='ocrx_word' id='word_1_120' title='bbox 653 2889 767 2925; x_wconf 89' lang='lat' dir='ltr'><strong>nascens</strong></span> <span class='ocrx_word' id='word_1_121' title='bbox 786 2871 850 2924; x_wconf 89' lang='lat' dir='ltr'><strong>alite</strong></span> <span class='ocrx_word' id='word_1_122' title='bbox 870 2869 996 2943; x_wconf 80' lang='lat' dir='ltr'><strong>lugubri,</strong></span> <span class='ocrx_word' id='word_1_123' title='bbox 1014 2867 1043 2921; x_wconf 90' lang='lat' dir='ltr'><strong>id</strong></span> <span class='ocrx_word' id='word_1_124' title='bbox 1060 2883 1119 2933; x_wconf 80' lang='lat' dir='ltr'><strong>est,</strong></span> <span class='ocrx_word' id='word_1_125' title='bbox 1138 2869 1217 2923; x_wconf 82' lang='lat' dir='ltr'><strong>malis</strong></span> 
     </span>
     <span class='ocr_line' id='line_1_22' title="bbox 52 2947 1216 3027; baseline -0.003 -21"><span class='ocrx_word' id='word_1_126' title='bbox 52 2952 96 3006; x_wconf 86' lang='lat' dir='ltr'><strong>lis.</strong></span> <span class='ocrx_word' id='word_1_127' title='bbox 117 2962 152 3019; x_wconf 88' lang='grc'><strong>44</strong></span> <span class='ocrx_word' id='word_1_128' title='bbox 167 2954 249 3005; x_wconf 78' lang='lat' dir='ltr'><strong>Arina</strong></span> <span class='ocrx_word' id='word_1_129' title='bbox 263 2971 344 3023; x_wconf 85' lang='lat' dir='ltr'><strong>usque</strong></span> <span class='ocrx_word' id='word_1_130' title='bbox 363 2970 396 3004; x_wconf 87' lang='lat' dir='ltr'><strong>eo</strong></span> <span class='ocrx_word' id='word_1_131' title='bbox 411 2953 496 3007; x_wconf 88' lang='lat' dir='ltr'><strong>Roma</strong></span> <span class='ocrx_word' id='word_1_132' title='bbox 511 2953 617 3008; x_wconf 86' lang='lat' dir='ltr'><strong>inferat.</strong></span> <span class='ocrx_word' id='word_1_133' title='bbox 654 2956 798 3027; x_wconf 86' lang='lat' dir='ltr'><strong>auspiciis,</strong></span> <span class='ocrx_word' id='word_1_134' title='bbox 813 2952 951 3008; x_wconf 87' lang='lat' dir='ltr'><strong>iterabitur</strong></span> <span class='ocrx_word' id='word_1_135' title='bbox 961 2952 1030 3003; x_wconf 86' lang='lat' dir='ltr'><strong>tristi</strong></span> <span class='ocrx_word' id='word_1_136' title='bbox 1044 2947 1121 3002; x_wconf 84' lang='lat' dir='ltr'><strong>clade</strong></span> <span class='ocrx_word' id='word_1_137' title='bbox 1132 2988 1140 3016; x_wconf 89' lang='lat'><strong>,</strong></span> <span class='ocrx_word' id='word_1_138' title='bbox 1150 2969 1216 3017; x_wconf 86' lang='lat' dir='ltr'><strong>me,</strong></span> 
     </span>
     <span class='ocr_line' id='line_1_23' title="bbox 53 3029 1218 3132; baseline -0.003 -42"><span class='ocrx_word' id='word_1_139' title='bbox 53 3039 88 3105; x_wconf 85' lang='grc'>45</span> <span class='ocrx_word' id='word_1_140' title='bbox 101 3038 186 3089; x_wconf 75' lang='lat' dir='ltr'><strong>Juxta</strong></span> <span class='ocrx_word' id='word_1_141' title='bbox 198 3034 327 3089; x_wconf 85' lang='lat' dir='ltr'><strong>torridam</strong></span> <span class='ocrx_word' id='word_1_142' title='bbox 340 3035 463 3102; x_wconf 84' lang='lat' dir='ltr'><strong>Zonam,</strong></span> <span class='ocrx_word' id='word_1_143' title='bbox 481 3035 527 3088; x_wconf 92' lang='lat' dir='ltr'><strong>ubi</strong></span> <span class='ocrx_word' id='word_1_144' title='bbox 545 3039 620 3091; x_wconf 84' lang='lat' dir='ltr'><strong>saevit</strong></span> <span class='ocrx_word' id='word_1_145' title='bbox 654 3039 768 3132; x_wconf 78' lang='lat' dir='ltr'><strong>conjuge</strong></span> <span class='ocrx_word' id='word_1_146' title='bbox 793 3051 821 3090; x_wconf 88' lang='lat' dir='ltr'><strong>et</strong></span> <span class='ocrx_word' id='word_1_147' title='bbox 851 3053 940 3089; x_wconf 84' lang='lat' dir='ltr'><strong>sorore</strong></span> <span class='ocrx_word' id='word_1_148' title='bbox 965 3031 1068 3098; x_wconf 76' lang='lat' dir='ltr'><strong>Jovis,</strong></span> <span class='ocrx_word' id='word_1_149' title='bbox 1100 3029 1218 3087; x_wconf 78' lang='lat' dir='ltr'><strong>ducenta</strong></span> 
     </span>
     <span class='ocr_line' id='line_1_24' title="bbox 53 3114 1217 3193; baseline -0.002 -21"><span class='ocrx_word' id='word_1_150' title='bbox 53 3122 155 3193; x_wconf 85' lang='lat' dir='ltr'><strong>ingens</strong></span> <span class='ocrx_word' id='word_1_151' title='bbox 174 3117 236 3171; x_wconf 86' lang='lat' dir='ltr'><strong>solis</strong></span> <span class='ocrx_word' id='word_1_152' title='bbox 260 3133 347 3172; x_wconf 82' lang='lat' dir='ltr'><strong>aestus.</strong></span> <span class='ocrx_word' id='word_1_153' title='bbox 372 3115 442 3169; x_wconf 86' lang='lat' dir='ltr'><strong>Vide</strong></span> <span class='ocrx_word' id='word_1_154' title='bbox 468 3116 530 3170; x_wconf 83' lang='lat' dir='ltr'><strong>Ode</strong></span> <span class='ocrx_word' id='word_1_155' title='bbox 550 3138 619 3172; x_wconf 84' lang='lat' dir='ltr'><strong>xxn.</strong></span> <span class='ocrx_word' id='word_1_156' title='bbox 653 3135 778 3173; x_wconf 81' lang='lat' dir='ltr'><strong>victrices</strong></span> <span class='ocrx_word' id='word_1_157' title='bbox 788 3134 916 3172; x_wconf 81' lang='lat' dir='ltr'><strong>catervas</strong></span> <span class='ocrx_word' id='word_1_158' title='bbox 928 3116 962 3170; x_wconf 85' lang='lat'><strong>50</strong></span> <span class='ocrx_word' id='word_1_159' title='bbox 971 3114 1097 3169; x_wconf 82' lang='lat' dir='ltr'><strong>Flammis</strong></span> <span class='ocrx_word' id='word_1_160' title='bbox 1109 3129 1138 3170; x_wconf 85' lang='lat' dir='ltr'><strong>et</strong></span> <span class='ocrx_word' id='word_1_161' title='bbox 1147 3115 1217 3171; x_wconf 83' lang='lat' dir='ltr'><strong>ferro</strong></span> 
     </span>
     <span class='ocr_line' id='line_1_25' title="bbox 53 3198 919 3273; baseline -0.001 -18"><span class='ocrx_word' id='word_1_162' title='bbox 53 3202 105 3257; x_wconf 91' lang='lat' dir='ltr'><strong>lib</strong></span> <span class='ocrx_word' id='word_1_163' title='bbox 116 3224 135 3255; x_wconf 89' lang='lat'><strong>1.</strong></span> <span class='ocrx_word' id='word_1_164' title='bbox 150 3203 186 3267; x_wconf 88' lang='grc'>46</span> <span class='ocrx_word' id='word_1_165' title='bbox 196 3198 620 3273; x_wconf 83' lang='lat' dir='ltr'><strong>Circulumintelligitutriusque</strong></span> <span class='ocrx_word' id='word_1_166' title='bbox 653 3216 753 3255; x_wconf 80' lang='lat' dir='ltr'><strong>lterum</strong></span> <span class='ocrx_word' id='word_1_167' title='bbox 764 3201 919 3256; x_wconf 81' lang='lat' dir='ltr'><strong>vastabitur</strong></span> 
     </span>
     <span class='ocr_line' id='line_1_26' title="bbox 54 3281 1219 3361; baseline -0.003 -22"><span class='ocrx_word' id='word_1_168' title='bbox 54 3287 139 3361; x_wconf 89' lang='lat' dir='ltr'><strong>poli,</strong></span> <span class='ocrx_word' id='word_1_169' title='bbox 164 3285 211 3338; x_wconf 89' lang='lat' dir='ltr'><strong>ubi</strong></span> <span class='ocrx_word' id='word_1_170' title='bbox 238 3282 354 3337; x_wconf 89' lang='lat' dir='ltr'><strong>mundus</strong></span> <span class='ocrx_word' id='word_1_171' title='bbox 381 3296 509 3356; x_wconf 84' lang='lat' dir='ltr'><strong>perpetua</strong></span> <span class='ocrx_word' id='word_1_172' title='bbox 533 3282 620 3355; x_wconf 83' lang='lat' dir='ltr'><strong>glacie</strong></span> <span class='ocrx_word' id='word_1_173' title='bbox 691 3283 722 3337; x_wconf 79' lang='lat'><strong>61</strong></span> <span class='ocrx_word' id='word_1_174' title='bbox 735 3284 846 3336; x_wconf 80' lang='lat' dir='ltr'><strong>Etiamsi</strong></span> <span class='ocrx_word' id='word_1_175' title='bbox 856 3281 982 3355; x_wconf 77' lang='lat' dir='ltr'><strong>Apollo</strong></span> <span class='ocrx_word' id='word_1_176' title='bbox 962 3297 997 3335; x_wconf 86' lang='lat' dir='ltr'><strong>srt</strong></span> <span class='ocrx_word' id='word_1_177' title='bbox 1011 3300 1098 3356; x_wconf 82' lang='lat' dir='ltr'><strong>operis</strong></span> <span class='ocrx_word' id='word_1_178' title='bbox 1109 3299 1219 3349; x_wconf 84' lang='lat' dir='ltr'><strong>auctor</strong></span> 
     </span>
     <span class='ocr_line' id='line_1_27' title="bbox 54 3366 1219 3441; baseline -0.004 -17"><span class='ocrx_word' id='word_1_179' title='bbox 54 3370 211 3441; x_wconf 82' lang='lat' dir='ltr'><strong>obrigescit.</strong></span> <span class='ocrx_word' id='word_1_180' title='bbox 654 3380 747 3420; x_wconf 88' lang='lat' dir='ltr'><strong>tamen</strong></span> <span class='ocrx_word' id='word_1_181' title='bbox 760 3381 802 3420; x_wconf 89' lang='lat' dir='ltr'><strong>ter</strong></span> <span class='ocrx_word' id='word_1_182' title='bbox 816 3381 924 3440; x_wconf 84' lang='lat' dir='ltr'><strong>percat,</strong></span> <span class='ocrx_word' id='word_1_183' title='bbox 936 3381 988 3421; x_wconf 85' lang='lat' dir='ltr'><strong>etc.</strong></span> <span class='ocrx_word' id='word_1_184' title='bbox 1000 3366 1219 3440; x_wconf 79' lang='lat' dir='ltr'><strong>52Expugnatus</strong></span> 
     </span>
     <span class='ocr_line' id='line_1_28' title="bbox 93 3447 1218 3525; baseline -0.001 -21"><span class='ocrx_word' id='word_1_185' title='bbox 93 3463 130 3522; x_wconf 81' lang='grc'>47</span> <span class='ocrx_word' id='word_1_186' title='bbox 151 3452 217 3504; x_wconf 78' lang='lat' dir='ltr'><strong>Haec</strong></span> <span class='ocrx_word' id='word_1_187' title='bbox 237 3449 290 3502; x_wconf 83' lang='lat' dir='ltr'><strong>lata</strong></span> <span class='ocrx_word' id='word_1_188' title='bbox 311 3450 438 3502; x_wconf 85' lang='lat' dir='ltr'><strong>Romanis</strong></span> <span class='ocrx_word' id='word_1_189' title='bbox 459 3447 574 3522; x_wconf 85' lang='lat' dir='ltr'><strong>praedico</strong></span> <span class='ocrx_word' id='word_1_190' title='bbox 594 3463 621 3502; x_wconf 89' lang='lat' dir='ltr'><strong>et</strong></span> <span class='ocrx_word' id='word_1_191' title='bbox 656 3449 689 3503; x_wconf 89' lang='lat' dir='ltr'><strong>ab</strong></span> <span class='ocrx_word' id='word_1_192' title='bbox 701 3452 805 3523; x_wconf 78' lang='lat' dir='ltr'><strong>Argivis</strong></span> <span class='ocrx_word' id='word_1_193' title='bbox 817 3452 898 3518; x_wconf 87' lang='lat' dir='ltr'><strong>meis,</strong></span> <span class='ocrx_word' id='word_1_194' title='bbox 912 3452 957 3525; x_wconf 90' lang='lat' dir='ltr'><strong>qui</strong></span> <span class='ocrx_word' id='word_1_195' title='bbox 970 3470 1014 3504; x_wconf 89' lang='lat' dir='ltr'><strong>me</strong></span> <span class='ocrx_word' id='word_1_196' title='bbox 1027 3451 1103 3523; x_wconf 78' lang='lat' dir='ltr'><strong>Argis</strong></span> <span class='ocrx_word' id='word_1_197' title='bbox 1114 3449 1218 3504; x_wconf 87' lang='lat' dir='ltr'><strong>colunt.</strong></span> 
     </span>
     <span class='ocr_line' id='line_1_29' title="bbox 57 3531 1219 3600; baseline -0.007 -9"><span class='ocrx_word' id='word_1_198' title='bbox 57 3535 210 3600; x_wconf 81' lang='lat' dir='ltr'><strong>confirmo,</strong></span> <span class='ocrx_word' id='word_1_199' title='bbox 229 3549 259 3587; x_wconf 93' lang='lat' dir='ltr'><strong>ut</strong></span> <span class='ocrx_word' id='word_1_200' title='bbox 277 3536 357 3586; x_wconf 87' lang='lat' dir='ltr'><strong>totius</strong></span> <span class='ocrx_word' id='word_1_201' title='bbox 374 3531 469 3585; x_wconf 90' lang='lat' dir='ltr'><strong>mundi</strong></span> <span class='ocrx_word' id='word_1_202' title='bbox 491 3534 545 3585; x_wconf 89' lang='lat' dir='ltr'><strong>sint</strong></span> <span class='ocrx_word' id='word_1_203' title='bbox 562 3535 621 3585; x_wconf 90' lang='lat' dir='ltr'><strong>lm·</strong></span> <span class='ocrx_word' id='word_1_204' title='bbox 656 3533 691 3587; x_wconf 77' lang='lat'><strong>53</strong></span> <span class='ocrx_word' id='word_1_205' title='bbox 705 3533 819 3587; x_wconf 88' lang='lat' dir='ltr'><strong>Hecuba</strong></span> <span class='ocrx_word' id='word_1_206' title='bbox 834 3532 878 3587; x_wconf 85' lang='lat' dir='ltr'><strong>vel</strong></span> <span class='ocrx_word' id='word_1_207' title='bbox 891 3531 1089 3587; x_wconf 79' lang='lat' dir='ltr'><strong>Andromache.</strong></span> <span class='ocrx_word' id='word_1_208' title='bbox 1104 3531 1138 3598; x_wconf 84' lang='lat'><strong>54</strong></span> <span class='ocrx_word' id='word_1_209' title='bbox 1151 3532 1219 3585; x_wconf 86' lang='lat' dir='ltr'><strong>Ma·</strong></span> 
     </span>
     <span class='ocr_line' id='line_1_30' title="bbox 55 3614 1220 3694; baseline -0.006 -22"><span class='ocrx_word' id='word_1_210' title='bbox 55 3632 220 3694; x_wconf 87' lang='lat' dir='ltr'><strong>peratores,</strong></span> <span class='ocrx_word' id='word_1_211' title='bbox 248 3637 340 3670; x_wconf 87' lang='lat' dir='ltr'><strong>verum</strong></span> <span class='ocrx_word' id='word_1_212' title='bbox 363 3616 411 3670; x_wconf 86' lang='lat' dir='ltr'><strong>suh</strong></span> <span class='ocrx_word' id='word_1_213' title='bbox 427 3614 621 3684; x_wconf 85' lang='lat' dir='ltr'><strong>conditione,</strong></span> <span class='ocrx_word' id='word_1_214' title='bbox 656 3619 738 3671; x_wconf 90' lang='lat' dir='ltr'><strong>ritum</strong></span> <span class='ocrx_word' id='word_1_215' title='bbox 751 3632 778 3670; x_wconf 86' lang='lat' dir='ltr'><strong>et</strong></span> <span class='ocrx_word' id='word_1_216' title='bbox 790 3616 859 3669; x_wconf 87' lang='lat' dir='ltr'><strong>filios</strong></span> <span class='ocrx_word' id='word_1_217' title='bbox 871 3635 952 3672; x_wconf 83' lang='lat' dir='ltr'><strong>ctesos</strong></span> <span class='ocrx_word' id='word_1_218' title='bbox 963 3615 1059 3690; x_wconf 86' lang='lat' dir='ltr'><strong>ploret</strong></span> <span class='ocrx_word' id='word_1_219' title='bbox 1076 3614 1110 3668; x_wconf 82' lang='lat'><strong>55</strong></span> <span class='ocrx_word' id='word_1_220' title='bbox 1120 3614 1220 3685; x_wconf 84' lang='lat' dir='ltr'><strong>Lyrico</strong></span> 
     </span>
     <span class='ocr_line' id='line_1_31' title="bbox 58 3696 1219 3773; baseline -0.006 -18.857"><span class='ocrx_word' id='word_1_221' title='bbox 58 3718 185 3771; x_wconf 87' lang='lat' dir='ltr'><strong>nempe,</strong></span> <span class='ocrx_word' id='word_1_222' title='bbox 196 3719 233 3752; x_wconf 84' lang='lat' dir='ltr'><strong>ne</strong></span> <span class='ocrx_word' id='word_1_223' title='bbox 247 3701 360 3751; x_wconf 87' lang='lat' dir='ltr'><strong>nimium</strong></span> <span class='ocrx_word' id='word_1_224' title='bbox 378 3701 435 3773; x_wconf 86' lang='lat' dir='ltr'><strong>pii,</strong></span> <span class='ocrx_word' id='word_1_225' title='bbox 454 3696 484 3751; x_wconf 91' lang='lat' dir='ltr'><strong>id</strong></span> <span class='ocrx_word' id='word_1_226' title='bbox 502 3713 566 3765; x_wconf 82' lang='lat' dir='ltr'><strong>est,</strong></span> <span class='ocrx_word' id='word_1_227' title='bbox 586 3717 622 3751; x_wconf 81' lang='lat' dir='ltr'><strong>nc</strong></span> <span class='ocrx_word' id='word_1_228' title='bbox 657 3701 770 3752; x_wconf 89' lang='lat' dir='ltr'><strong>carmini</strong></span> <span class='ocrx_word' id='word_1_229' title='bbox 796 3718 838 3753; x_wconf 80' lang='lat' dir='ltr'><strong>rer</strong></span> <span class='ocrx_word' id='word_1_230' title='bbox 855 3718 947 3773; x_wconf 83' lang='lat' dir='ltr'><strong>graves</strong></span> <span class='ocrx_word' id='word_1_231' title='bbox 965 3718 1021 3751; x_wconf 88' lang='lat' dir='ltr'><strong>non</strong></span> <span class='ocrx_word' id='word_1_232' title='bbox 1042 3696 1219 3750; x_wconf 82' lang='lat' dir='ltr'><strong>conveniunt</strong></span> 
     </span>
     <span class='ocr_line' id='line_1_32' title="bbox 58 3776 1221 3859; baseline -0.007 -21"><span class='ocrx_word' id='word_1_233' title='bbox 58 3784 179 3859; x_wconf 79' lang='lat' dir='ltr'><strong>nimium</strong></span> <span class='ocrx_word' id='word_1_234' title='bbox 203 3797 323 3835; x_wconf 87' lang='lat' dir='ltr'><strong>amantes</strong></span> <span class='ocrx_word' id='word_1_235' title='bbox 342 3784 448 3854; x_wconf 76' lang='lat' dir='ltr'><strong>Trojae,</strong></span> <span class='ocrx_word' id='word_1_236' title='bbox 466 3780 539 3835; x_wconf 90' lang='lat' dir='ltr'><strong>unde</strong></span> <span class='ocrx_word' id='word_1_237' title='bbox 561 3795 624 3836; x_wconf 87' lang='lat' dir='ltr'><strong>sunt</strong></span> <span class='ocrx_word' id='word_1_238' title='bbox 656 3781 783 3835; x_wconf 84' lang='lat' dir='ltr'><strong>Musam</strong></span> <span class='ocrx_word' id='word_1_239' title='bbox 775 3798 856 3857; x_wconf 81' lang='lat' dir='ltr'><strong>igitur</strong></span> <span class='ocrx_word' id='word_1_240' title='bbox 869 3785 951 3836; x_wconf 86' lang='lat' dir='ltr'><strong>Poeta</strong></span> <span class='ocrx_word' id='word_1_241' title='bbox 963 3794 1069 3844; x_wconf 85' lang='lat' dir='ltr'><strong>monet</strong></span> <span class='ocrx_word' id='word_1_242' title='bbox 1082 3776 1221 3830; x_wconf 90' lang='lat' dir='ltr'><strong>uthumili</strong></span> 
     </span>
    </p>
   </div>
   <div class='ocr_carea' id='block_1_3' title="bbox 59 3859 1221 4023">
    <p class='ocr_par' dir='ltr' id='par_1_3' title="bbox 59 3859 1221 4023">
     <span class='ocr_line' id='line_1_33' title="bbox 59 3859 1221 3937; baseline -0.006 -15"><span class='ocrx_word' id='word_1_243' title='bbox 59 3867 135 3930; x_wconf 90' lang='lat' dir='ltr'><strong>orti,</strong></span> <span class='ocrx_word' id='word_1_244' title='bbox 151 3865 234 3919; x_wconf 82' lang='lat' dir='ltr'><strong>velint</strong></span> <span class='ocrx_word' id='word_1_245' title='bbox 248 3883 386 3937; x_wconf 85' lang='lat' dir='ltr'><strong>reparare,</strong></span> <span class='ocrx_word' id='word_1_246' title='bbox 402 3882 454 3921; x_wconf 87' lang='lat' dir='ltr'><strong>etc</strong></span> <span class='ocrx_word' id='word_1_247' title='bbox 470 3867 505 3934; x_wconf 87' lang='grc'>48</span> <span class='ocrx_word' id='word_1_248' title='bbox 519 3866 623 3921; x_wconf 87' lang='lat' dir='ltr'><strong>Poteu·</strong></span> <span class='ocrx_word' id='word_1_249' title='bbox 657 3869 777 3920; x_wconf 83' lang='lat' dir='ltr'><strong>carmina</strong></span> <span class='ocrx_word' id='word_1_250' title='bbox 795 3886 932 3923; x_wconf 81' lang='lat' dir='ltr'><strong>sermones</strong></span> <span class='ocrx_word' id='word_1_251' title='bbox 950 3868 1072 3919; x_wconf 86' lang='lat' dir='ltr'><strong>Deorum</strong></span> <span class='ocrx_word' id='word_1_252' title='bbox 1088 3878 1146 3912; x_wconf 83' lang='lat' dir='ltr'><strong>uon</strong></span> <span class='ocrx_word' id='word_1_253' title='bbox 1162 3859 1221 3915; x_wconf 84' lang='lat' dir='ltr'><strong>im-</strong></span> 
     </span>
     <span class='ocr_line' id='line_1_34' title="bbox 59 3947 775 4023; baseline -0.001 -17"><span class='ocrx_word' id='word_1_254' title='bbox 59 3950 167 4010; x_wconf 81' lang='lat' dir='ltr'><strong>tissimo</strong></span> <span class='ocrx_word' id='word_1_255' title='bbox 184 3949 297 4023; x_wconf 88' lang='lat' dir='ltr'><strong>imperio</strong></span> <span class='ocrx_word' id='word_1_256' title='bbox 310 3947 379 4003; x_wconf 85' lang='lat' dir='ltr'><strong>freti</strong></span> <span class='ocrx_word' id='word_1_257' title='bbox 659 3950 775 4005; x_wconf 83' lang='lat' dir='ltr'><strong>minuat.</strong></span> 
     </span>
    </p>
   </div>
   <div class='ocr_carea' id='block_1_4' title="bbox 0 0 1448 4750">
    <p class='ocr_par' dir='ltr' id='par_1_4' title="bbox 0 0 1448 4750">
     <span class='ocr_line' id='line_1_35' title="bbox 0 0 1448 4750; baseline 0 0"><span class='ocrx_word' id='word_1_258' title='bbox 0 0 1448 4750; x_wconf 95' lang='lat' dir='ltr'><strong> </strong></span> 
     </span>
    </p>
   </div>
  </div>
 </body>
</html>
