2842 4750
864 240 869 245 .
1390 186 1392 251 t

287 302 620 361 ctantuun
669 301 784 357 trs.
836 301 908 358 tv.
1112 279 1182 377 195
1390 254 1393 391 i

899 400 901 403 ·
1392 392 1394 443 ι

1392 488 1395 517 l

173 449 205 487 ¹¹
229 436 411 512 Porreota
432 428 612 528 majestas
635 428 837 504 adortum

227 555 324 633 Solis
348 572 379 607 ¹2
403 554 456 631 ab
478 550 667 654 Hesperio
688 547 830 630 cubili!

126 684 291 761 Custode
311 711 440 759 rerum
464 680 641 773 Caesare,
666 709 744 757 non
766 680 798 732 ¹3
819 680 925 757 furor

124 810 289 900 Civilis,
315 823 383 884 aut
404 805 463 882 vis
485 805 633 882 eximet
649 805 800 882 otium:

113 970 118 979 ·
172 936 262 1011 Non
283 934 369 1025 ira,
392 961 479 1036 quae
503 946 536 998 ¹4
554 916 732 1037 procudit
755 934 888 1029 enses,

222 1059 273 1134 Et
297 1059 455 1134 miseras
476 1060 508 1110 ¹⁵
529 1058 711 1135 inimicat
731 1058 857 1155 urbes.

76 1168 86 1198 ⁴
124 1187 214 1264 Non
236 1188 270 1236 ¹⁶
289 1186 357 1289 qui
381 1187 615 1289 profundum
634 1185 866 1262 Danubium
883 1186 1048 1283 bibunt,

123 1327 159 1379 ¹⁷
180 1313 320 1388 Edicta
339 1331 522 1417 rumpent
541 1312 673 1405 Julia,
700 1341 779 1391 non
804 1314 938 1406 Getae,

172 1439 263 1515 Non
285 1439 420 1530 Seres,
444 1439 477 1488 ¹⁸
496 1437 659 1515 infidive
683 1440 836 1531 Persae,

226 1576 258 1627 ¹9
275 1562 365 1636 Non
387 1565 561 1637 Tanaim
582 1588 698 1664 prope
721 1562 868 1639 flumen
889 1566 974 1643 orti.

123 1689 279 1792 Nosque
306 1705 345 1763 et
362 1703 397 1740 20
414 1687 785 1791 profestis-lucibus,
813 1706 851 1765 et
866 1691 1008 1785 sacris,

121 1829 153 1866 22
177 1816 281 1889 Inter
300 1811 417 1911 jocosi
439 1841 601 1891 munera
624 1814 785 1908 Liberi,

169 1952 204 1990 22
226 1936 327 2014 Cum
349 1937 479 2040 prole,
501 1940 764 2045 matronisque
789 1942 950 2037 nostris,

223 2059 257 2112 ²³
278 2060 371 2138 Rite
395 2064 499 2142 Deos
519 2065 624 2168 prius
644 2066 868 2168 apprecati,

47 2220 50 2225 ’
123 2188 285 2268 Virtute
304 2188 479 2282 functos,
505 2217 612 2265 more
634 2208 814 2292 patrum,
838 2190 978 2286 duces,
997 2264 1003 2269 ,.

119 2329 153 2383 ²4
174 2315 302 2421 Lydis·
316 2314 473 2393 remitto
494 2316 663 2394 carmine
684 2314 819 2412 tibiis,

167 2440 428 2547 Troiamque,
452 2458 491 2517 et
509 2440 543 2492 ²⁵
567 2443 793 2537 Anchisen,
818 2460 857 2521 et
880 2443 1000 2521 airum

161 2610 170 2621 ·
218 2569 450 2675 Progeniem
471 2567 634 2650 Veneris
655 2593 850 2647 canemus.

35 2751 200 2810 Romanorum
214 2755 334 2810 virtutes.
353 2774 381 2807 tt
397 2755 525 2825 Maiestas
541 2769 582 2810 est
615 2753 694 2809 blicis
707 2768 771 2808 sunt
783 2755 913 2820 eoncessi.
929 2775 961 2812 αι
980 2757 1053 2813 Inter
1068 2763 1132 2816 vina
1151 2782 1180 2821 et

36 2837 184 2911 amplificata.
209 2858 240 2892 ιη
256 2836 298 2892 Ab
313 2855 410 2892 occasu
425 2837 504 2893 Solis.
598 2836 689 2892 -ltettt
706 2835 807 2910 epuler.
824 2838 859 2889 ‘22
874 2836 945 2892 Cum
959 2836 1050 2894 libetis
1063 2858 1090 2895 et
1102 2836 1185 2900 ωιοέ

64 2919 274 2977 13Nonbellum
287 2920 381 2986 civile,
394 2936 441 2974 aut
453 2920 597 2975 violentia‘
615 2921 699 2977 ribus.
724 2920 759 2974 23
780 2920 838 2974 Not
858 2922 1081 2992 ritn'mejorum‚
1103 2929 1179 2985 Deo,

37 3004 110 3073 ejiciet
115 3024 218 3078 pacem.
234 3004 386 3079 14Procudi
395 3004 469 3060 facit.
483 3005 513 3059 15
524 3006 581 3058 Ini-
614 3006 733 3078 primum
750 3005 925 3070 invocantes,
946 3022 1073 3059 canemus
1090 3007 1177 3068 claros

36 3088 105 3140 micas
115 3086 202 3143 reddit
213 3087 302 3142 urbes.
613 3082 711 3152 duces,
725 3087 770 3159 qui
783 3104 831 3158 pro
839 3087 931 3158 patriae
942 3084 1027 3140 salute
1039 3106 1099 3144 oum
1113 3093 1176 3167 glo.

65 3169 92 3221 ιθ
101 3168 234 3236 Thracet,
248 3169 394 3239 Germani,
408 3184 435 3225 et
444 3170 502 3225 alie
512 3188 579 3243 gen·
614 3169 654 3221 rie
678 3184 741 3221 sunt
761 3170 870 3221 mortui.
893 3178 928 3235 24
950 3163 1089 3228 Tibiarum
1108 3179 1176 3235 varii
1209 3145 1235 3182 ⁶

35 3262 73 3304 tet.
89 3257 214 3328 17Leges
227 3252 311 3308 Julius
323 3274 381 3307 non
392 3251 532 3307 violabunt
545 3251 579 3305 de
614 3265 692 3306 erant
703 3247 797 3318 modi,
813 3267 866 3307 trae
879 3254 1011 3327 praecipue
1022 3274 1028 3305 :
1041 3259 1174 3332 Doricus,

37 3330 224 3402 tdulteriis,vel
234 3335 298 3389 sliat
307 3336 379 3409 leges
390 3351 577 3410 quaecumque.
614 3337 671 3389 sive
692 3335 798 3390 Ionicus
808 3377 818 3402 ,
842 3333 991 3411 Phrygius,
1015 3354 1043 3392 et
1062 3335 1173 3417 Lydius.

39 3414 63 3466 18
77 3417 213 3486 infideles,
233 3415 438 3493 quia'Crassum
456 3415 579 3471 simulata
614 3417 648 3471 25
667 3417 803 3473 Cenemut
813 3434 916 3495 patrem
932 3419 1051 3491 Atreu,
1066 3421 1174 3498 ipsum.

35 3512 88 3565 prce
107 3501 270 3558 occiderant.
296 3520 329 3576 ¹9
346 3499 411 3556 Non
430 3497 536 3573 Scythae
551 3514 580 3556 et
613 3521 664 3576 que
681 3499 805 3557 AEneam
816 3499 1039 3572 Venerisfilium,
1054 3523 1173 3563 ettotam

36 3574 153 3642 Sarmata.
300 3647 302 3649 ,
612 3600 722 3658 gentem
740 3585 858 3656 Jutiam,
872 3601 970 3662 nempe
989 3583 1091 3643 iulium
1109 3590 1175 3645 Ce-

64 3682 91 3718 ²0
103 3669 211 3724 *Diebus
224 3687 311 3724 meros
324 3667 382 3724 dies
396 3666 578 3743 precedenti*
610 3684 718 3732 tarem,
733 3667 900 3746 Augustum,
916 3663 1074 3742 Tiberium,
1095 3674 1174 3750 Drtr-¹

37 3738 90 3818 but,
103 3756 145 3826 qui
159 3753 312 3826 laboribus,
327 3769 355 3809 et
366 3754 473 3827 privatis
487 3767 514 3809 et
524 3770 579 3831 pu}
613 3769 655 3818 tot
663 3790 672 3825 ,
688 3765 744 3832 eto.⁸
