2842 4750
248 290 704 355 Errs'rontnurt
757 297 871 354 nrn.
923 302 952 357 1.
1105 274 1181 379 379

17 405 50 458 ¹⁸
65 403 221 482 Assidet
236 405 382 485 insano.
398 410 537 483 Potare
555 422 587 473 ¹9
605 423 644 482 et
661 433 839 511 spargere
857 407 969 482 flores

17 530 227 634 Incipiam,
249 530 453 634 patiarque
474 530 540 605 vel
563 545 598 582 ²0
620 528 858 628 inconsultus
881 523 1031 617 haberi.

16 655 119 755 Quid
136 683 214 731 non
230 655 397 731 ebrietas
414 669 446 705 22
467 656 672 760 designat?
686 654 833 758 Operta
850 671 884 707 22
901 654 1089 747 recludit,

16 777 106 882 Spes
122 780 231 878 jubet
248 809 326 857 esse
344 781 378 832 23
395 796 518 874 ratas,
532 798 566 847 24
585 779 629 857 in
645 781 780 883 praelia
799 779 948 857 tr'udit
936 797 1125 872 inertem,·

15 887 197 982 Sollicitis
211 902 353 980 animis
368 903 403 954 2⁵
419 931 514 980 onus
530 871 692 997 exitirit‚‘
686 905 742 957 ²⁶
761 904 927 994 addocet
943 921 1056 982 artes
1132 913 1135 917 '

15 1041 48 1093 27
67 1027 256 1103 Foecundi
275 1028 418 1104 calices
440 1056 559 1131 quern
579 1058 657 1105 non
677 1030 805 1106 fecere
829 1027 1045 1107 disertum?

14 1152 47 1202 23
65 1155 273 1230 Contracta
291 1180 408 1257 quem
426 1181 502 1229 non
522 1153 564 1229 in
583 1169 809 1256 paupertate
826 1169 859 1221 ²⁹
876 1149 1072 1232 solutum?
1105 1199 1107 1206 ι

13 1263 110 1355 Haec
129 1307 200 1383 ego
216 1307 424 1384 procurare
439 1278 473 1330 32
488 1296 526 1355 et
539 1279 701 1355 idoneus
716 1278 905 1383 imperor,
922 1294 965 1368 et¹
975 1306 1053 1355 nou
1103 1299 1109 1308 ’

14 1407 189 1501 invitus,
206 1408 237 1458 31
256 1435 306 1484 ne
321 1423 431 1511 turpe
449 1406 567 1499 toral,
583 1434 633 1482 ne
650 1406 805 1483 sordida
822 1408 855 1459 32
872 1431 1016 1509 mappa

13 1532 47 1584 33
65 1535 255 1635 Corruget
270 1560 401 1640 nares3
419 1561 467 1609 ne
485 1561 563 1609 non
581 1549 620 1608 et
637 1531 868 1625 cantharus,
886 1548 924 1609 et
938 1531 1031 1611 lanx

12 1661 48 1727 34
67 1661 256 1738 Ostendat
273 1659 346 1736 tibi
370 1676 429 1755 te;
446 1688 496 1737 ne
515 1661 612 1738 fidos
632 1661 735 1738 inter
749 1661 896 1738 amicos

15 1785 94 1875 Sit,
113 1785 180 1889 qui
198 1778 305 1861 dicta
321 1786 422 1864 foros
436 1787 469 1839 35
487 1784 686 1877 eliminet;
703 1786 737 1837 ³⁶
753 1801 797 1861 ut
814 1794 923 1863 coeat
938 1813 1033 1888 par,

14 1912 289 2014 «iungaturque
304 1910 402 2015 pari.
418 1910 452 1977 37
466 1910 630 1986 Butram
644 1907 736 2001 tibi,
751 1909 1055 2013 Septitiumque,

17 2040 65 2115 Et
86 2038 163 2150 nisi
184 2065 295 2115 coena
318 2037 443 2142 prior,
465 2038 665 2141 potiorque
687 2037 819 2141 puella
842 2036 1034 2142 Sabinum

17 2164 198 2258 Detinet,
214 2190 420 2248 assumam.
437 2165 564 2241 Locus
581 2183 637 2240 est
655 2181 692 2240 et
710 2163 886 2267 pluribus
902 2162 936 2215 33
951 2162 1124 2242 umbris:

18 2295 93 2371 Sed
109 2295 143 2364 39
162 2292 280 2371 nimis
297 2310 405 2369 arcta
422 2309 604 2397 premunt
618 2292 733 2382 olidae.
750 2279 934 2370 convivia
951 2307 986 2359 4Ο
1000 2318 1139 2396 caprae,

19 2422 98 2511 Tu,
113 2434 146 2487 42
163 2412 302 2525 quotus
320 2447 398 2495 esse
417 2418 535 2513 veiis,
549 2419 740 2513 rescribe3
757 2436 814 2513 et,
830 2434 864 2485 42
880 2418 997 2497 rebus
1014 2417 1186 2511 omissis,

17 2545 129 2621 Atria
151 2561 371 2622 ser-vantem
391 2545 424 2610 43
446 2544 591 2649 postico
614 2544 707 2621 falle
727 2561 762 2612 44
782 2544 980 2626 clientem.

17 2676 97 2729 trintir
114 2673 161 2730 vel
180 2693 266 2748 asper.
292 2677 324 2728 18
345 2674 428 2729 Sedet
442 2674 582 2751 proximus
617 2690 648 2728 ut
661 2674 727 2729 inde
739 2675 855 2731 conviva
868 2691 948 2728 nureo
960 2658 1111 2727 contrahat.

18 2758 130 2824 insano,
145 2759 224 2832 eique
240 2772 280 2811 ert
294 2757 399 2822 similis.
652 2757 687 2826 34
698 2761 738 2812 lta
755 2756 932 2832 splendeant,
952 2771 983 2810 ut
995 2756 1025 2808 in
1038 2753 1093 2808 illis
1105 2770 1179 2809 tutin

56 2862 87 2916 ¹9
106 2844 139 2894 ln
152 2855 279 2913 apparatu
289 2840 438 2914 *splendido
457 2840 582 2897 necunde
617 2842 764 2914 imaginem
776 2838 984 2915 contempleris,
994 2836 1108 2892 velutin
1120 2856 1181 2909 epe·

18 2944 117 2979 mentre
129 2924 239 2977 floribus
252 2925 369 2996 inspergi
382 2923 513 2979 colebant.
617 2924 688 2979 culo.
704 2924 737 2978 35
747 2924 887 2998 Divulget.
904 2925 939 2977 56
953 2924 991 2978 Ut
1001 2924 1122 2977 convivae
1132 2940 1181 2995 pu-

53 3028 90 3064 no
104 3005 207 3060 Stultus
223 3005 328 3060 haberi.
601 3026 603 3031 ‘
618 3025 660 3061 res
672 3022 878 3082 congregentur.

54 3109 87 3145 nr
104 3086 181 3158 Quid
200 3107 257 3141 non
273 3087 387 3141 ebrietas
405 3086 505 3155 efficit,
519 3106 585 3161 per·
655 3088 689 3160 37
702 3090 844 3143 Assumam
864 3089 913 3143 tibi
931 3086 1035 3142 rodalca
1047 3086 1184 3155 Butram,

19 3171 126 3248 petrntl
143 3188 178 3224 22
194 3171 296 3245 Aperit.
316 3170 350 3223 23
363 3169 428 3242 Sper
440 3170 537 3227 firmat.
620 3169 781 3244 Septitiurn‚
797 3170 945 3236 Sabinum
963 3172 1016 3224 nisi
1032 3169 1180 3238 Sabinum,

54 3267 88 3326 24
96 3258 170 3327 Quia
181 3254 317 3331 rpiritibur
326 3253 585 3310 vinicolorcaccen·
621 3269 673 3308 etc.
689 3254 723 3306 38
736 3253 866 3308 Convivis
874 3274 931 3307 non
941 3253 1070 3307 invitatis.
1082 3253 1117 3327 39
1125 3254 1181 3309 Ubi

24 3339 56 3391 rit
64 3339 188 3415 ,pellitur
201 3341 291 3393 timor.
300 3337 333 3391 25
343 3338 448 3390 Eximit
460 3356 585 3395 curarum
620 3336 765 3392 multitudo
774 3350 815 3392 ert
824 3340 997 3392 convivorum
1005 3338 1185 3394 arcteredcn*
1255 3327 1260 3334 ’

25 3439 97 3477 onus.
115 3424 160 3479 26.
174 3422 251 3479 Ebrii
267 3423 426 3495 jactitantse
439 3421 585 3476 multarum
619 3424 706 3488 tiurn,
720 3419 758 3474 ibi
776 3420 879 3475 alarum
891 3418 957 3474 odor
974 3423 1061 3495 gravit
1079 3423 1183 3487 eristitr

29 3509 120 3562 artium
134 3527 192 3562 erre
204 3508 313 3582 periton.
619 3512 655 3571 4ο
663 3505 750 3557 Faetor
762 3503 811 3558 rub
821 3502 919 3557 axillis.

58 3607 91 3662 27
106 3589 212 3647 Calices
229 3588 304 3664 pleni
319 3604 346 3643 et
365 3589 475 3663 copiosi.
498 3588 532 3641 28
552 3589 585 3645 lu
655 3586 1183 3657 41Quotroduletvelisvocnri.4nCau«

24 3688 134 3745 anguste
159 3685 324 3746 paupertate.
354 3691 389 3745 29
415 3670 538 3724 Solutum
566 3669 583 3729 ὲ
619 3666 654 3724 ris
667 3685 695 3724 et
707 3673 822 3745 negotiis
831 3671 998 3727 tuirrelictit.
1012 3672 1047 3741 43
1056 3670 1107 3727 Per
1116 3688 1181 3744 pos-

22 3751 584 3831 curin.Sodrationejubeortanquamido-
618 3757 702 3808 ticum
730 3754 878 3828 egredere,
905 3772 933 3811 et
950 3756 1078 3827 clientem
1103 3769 1181 3812 tuum

23 3839 91 3889 neu't
99 3834 134 3889 ad
145 3834 216 3889 hanc
229 3832 452 3911 procurationem.
467 3837 498 3890 31
515 3834 583 3890 lllo·
616 3836 687 3902 late,
703 3839 748 3913 qui
762 3840 793 3892 in
805 3838 900 3894 domur
912 3854 964 3893 ture
974 3840 1041 3891 arrio
1055 3851 1183 3910 expectat

22 3934 80 3970 tum
100 3917 176 3972 toral.
191 3919 224 3973 32
243 3921 315 3973 lnter
333 3918 468 3975 edendum
485 3937 582 3974 manus
617 3935 645 3974 et
662 3919 794 3976 observat.
813 3931 848 3990 44
866 3920 939 3977 Fallc
962 3916 1105 3972 Moschum
1123 3919 1185 3994 (tie

24 4019 118 4076 mappa
129 4000 321 4078 absterguntur.
340 4004 374 4061 55
386 4003 430 4060 Sic
443 4001 579 4075 offendat,
616 4023 670 4076 quo
688 4006 797 4079 supra)
811 4004 852 4082 l⁰¹
870 4000 1096 4078 quemniralium.
