2842 4750
324 351 921 408 sannonuunrn.r.
1028 341 1031 346 ’
1132 327 1213 427 295

41 497 75 546 4ο
87 478 262 583 Defingit
280 477 412 554 Rheni
429 494 461 543 4Ῑ
478 479 629 554 luteum
645 496 783 582 caput,
806 478 890 555 haeo
906 508 978 583 ego
990 496 1023 548 42
1037 482 1156 575 ludo,

43 610 135 708 Quae
149 635 221 682 nec
236 606 325 681 i1143
339 606 422 681 aede
438 621 573 680 sonent
585 620 620 671 44
633 595 844 697 certantia,
861 603 993 703 judice
1009 606 1041 671 45
1055 610 1210 709 Tarpa,

44 736 125 813 Nec
140 736 304 812 redeant
316 734 460 810 iterum
473 749 591 836 atque
606 734 751 809 iterum
762 735 797 799 4⁶
810 732 1022 836 spectanda
1036 731 1210 811 theatris.

44 876 76 925 47
90 863 240 967 Arguta
259 861 466 936 meretrice
487 878 618 963 potes,
640 861 833 968 Davoque
855 857 1065 938 Chremeta

45 988 236 1068 Eludente
258 1017 414 1083 senem,
438 990 474 1056 48
489 991 610 1065 comis
627 989 775 1093 garrire
799 987 952 1072 libellos
1043 1061 1045 1070 ,

45 1113 153 1193 Unus
173 1116 383 1208 vivorum,
410 1116 589 1192 Fundani
610 1148 619 1193 ε
644 1131 678 1184 49
698 1112 824 1191 Pollio
845 1141 983 1217 regum

43 1240 163 1317 Facta
182 1242 288 1318 canit
301 1244 334 1293 ⁵0
349 1243 448 1345 pede
467 1257 523 1317 ter
539 1268 717 1344 percusso
735 1272 744 1316 ε
763 1240 793 1290 ⁵1
811 1238 907 1315 forte
927 1266 1017 1341 epos
1033 1265 1153 1332 acer,

45 1364 100 1440 Ut
120 1394 259 1457 nemo,
283 1368 428 1447 Varius
451 1367 583 1444 ducit:
604 1363 722 1470 molle
743 1382 860 1467 atque
881 1365 1054 1440 facetum

42 1495 76 1544 ⁵²
92 1495 263 1597 Virgilio
285 1512 505 1572 annuerunt
526 1496 737 1598 gaudentes
757 1521 845 1569 rure
869 1494 1078 1573 Camoenae.

43 1619 77 1669 ⁵³
93 1622 180 1698 Hoc
202 1640 304 1715 erat,
326 1641 483 1728 experto
502 1625 642 1702 frustra
660 1627 840 1704 Varrone
861 1624 894 1690 54
909 1623 1104 1715 Atesim,

42 1748 175 1850 Atque
191 1749 426 1853 quibusdam
444 1750 553 1844 aliis,
571 1751 712 1827 melius
731 1751 835 1854 quod
852 1749 1021 1828 seribere
1039 1776 1211 1853 possem,

44 1872 77 1921 ⁵⁵
92 1874 298 1950 Inventore
318 1879 473 1955 minor:
491 1902 618 1979 neque
636 1902 707 1977 ego
724 1873 785 1949 illi
804 1872 1010 1951 detrahere
1028 1876 1155 1953 ausim
1195 1893 1198 1897 “

45 1998 269 2077 Haerentem
288 1995 407 2107 capiti
423 2006 547 2081 multa
565 2031 656 2081 oum
673 2003 791 2080 laude
813 2032 1007 2083 coronam.
1130 2089 1132 2095 A

43 2124 96 2198 At
110 2123 195 2200 dixi
213 2126 334 2203 fluere
351 2128 384 2176 ⁵⁶
400 2126 505 2202 hune
521 2127 781 2220 lutulentum,
800 2156 900 2230 saepe
918 2129 951 2195 ⁵7
969 2130 1160 2205 ferentem

42 2248 157 2326 Plura
176 2251 343 2354 quidem
360 2252 394 2303 55
409 2253 579 2330 tollenda
597 2253 875 2356 relinquendis.
900 2254 1013 2357 Age,
1031 2283 1186 2358 quaes0‚

42 2372 73 2440 ⁵⁹
91 2375 154 2452 Tu
170 2375 277 2452 nihil
294 2379 337 2453 in
353 2408 495 2483 magno
514 2381 647 2457 doetus
665 2379 862 2484 reprendis
879 2381 912 2432 ⁶0
929 2383 1124 2460 Homero?

46 2500 113 2576 Nil
130 2502 252 2580 comis
271 2505 480 2608 Tragici-⁶1
498 2522 624 2581 mutat
643 2506 820 2582 Lucilius
838 2507 871 2556 ⁶2
889 2507 1021 2585 Aeci?

45 2625 131 2703 Non
146 2630 251 2705 ridet
272 2658 403 2708 versus
424 2632 526 2709 Enni
542 2632 575 2683 ⁶3
598 2634 789 2737 gravitate
808 2632 1001 2725 minores,

45 2775 202 2834 Memnonis
214 2779 247 2833 ab
262 2780 368 2835 Achille
381 2780 493 2854 jugulati
507 2797 606 2836 narrat.
679 2781 715 2835 52
729 2780 858 2854 Virgilius
875 2779 923 2834 illo
941 2795 1062 2853 ternpore
1080 2781 1211 2839 Bucolica

45 2869 79 2927 4ο
92 2865 168 2915 Dum
182 2862 350 2935 ineleganter
366 2864 503 2919 describit.
643 2867 798 2939 scripserat,
808 2885 864 2919 non
874 2864 1010 2918 AEneida.
1020 2863 1056 2927 53
1066 2865 1128 2919 Hoc
1139 2882 1210 2933 erat,

79 2954 111 3012 4ι
126 2948 212 3016 Quasi
221 2945 325 2999 luteum
334 2962 404 3000 esset
413 2946 501 3000 Rheni
512 2965 606 3023 caput,
643 2948 716 3022 quod
731 2966 780 3022 ego
795 2946 892 3002 melius
906 2966 1012 3021 possem
1023 2946 1139 3002 scribere
1155 2947 1209 3001 Sa-

45 3028 86 3081 vel
110 3031 197 3101 origo.
228 3037 264 3095 42
285 3030 352 3084 Hac
373 3049 422 3102 ego
443 3029 608 3086 ludibundus
642 3046 713 3103 tyras
727 3071 736 3095 ‚
750 3050 831 3104 quam
844 3031 939 3082 Varro.
965 3029 1000 3093 54
1019 3027 1064 3081 Sic
1084 3026 1210 3097 dictoab

45 3112 141 3168 scribo.
159 3112 195 3178 45
212 3113 243 3164 ln
256 3111 314 3166 aede
328 3112 459 3186 Apollinis
473 3130 500 3168 et
511 3115 609 3170 Musa·
642 3116 726 3169 Atace
743 3114 927 3167 Narbonensis
943 3111 1040 3165 Gallia
1056 3111 1146 3168 flutio.

45 3212 111 3250 rum.
123 3205 159 3263 44
173 3194 217 3249 Ad
227 3198 382 3250 certaminis
391 3201 610 3272 provocationem=
680 3197 716 3251 55
734 3195 844 3271 ¹Lucilio
860 3194 960 3268 Satyrus
976 3196 1127 3250 inventore.

47 3281 191 3333 venientia.
210 3279 245 3346 45
259 3278 329 3333 Ludi
342 3282 478 3354 magistro.
493 3282 530 3357 46
542 3282 610 3352 Qua
681 3281 717 3333 56
730 3278 874 3333 Lucilium.
887 3278 920 3350 57
933 3277 1007 3352 Saepe
1019 3277 1213 3352 proferentem:

9 3434 12 3439 y
48 3364 137 3433 sapius
153 3378 272 3436 spectata
289 3362 431 3418 vilescant.
644 3365 679 3419 58
692 3363 770 3417 Plura
783 3361 927 3429 sumenda,
940 3359 1089 3429 laudanda,
1104 3380 1132 3418 et
1142 3358 1212 3419 imi·

74 3453 105 3515 47
111 3446 256 3501 Meretrice
263 3445 369 3501 callida.
377 3450 412 3515 48
419 3446 607 3516 Tu‚Fundani,
644 3450 747 3502 tatione
759 3447 855 3519 digna,
867 3465 946 3520 quam
958 3466 1015 3521 quae
1025 3445 1211 3521 relinquantur

51 3540 115 3580 unus
129 3549 164 3583 ex
180 3533 214 3583 iis
230 3533 276 3604 qui
294 3530 376 3584 hodie
396 3532 514 3597 vivunt,
533 3547 609 3604 potes
645 3547 672 3586 et
686 3532 850 3603 rejiciantur.
953 3548 958 3554 ·

49 3624 164 3681 argutam
182 3613 352 3667 Comoediam
371 3614 488 3669 scribere
504 3617 609 3682 cornis,
680 3614 830 3686 591r0nica
842 3613 1023 3685 interrogatio.
1036 3610 1070 3664 60
1082 3611 1136 3680 Qui
1148 3608 1209 3663 dor-

48 3690 76 3745 id
89 3710 145 3760 est,
160 3701 271 3752 comiter
284 3714 312 3752 et
325 3698 420 3753 facete.
644 3702 710 3752 rniat
733 3695 878 3751 interdum.
907 3694 938 3748 61
967 3694 1024 3748 Nil'
1039 3691 1165 3747 emendat
1179 3693 1191 3744 i

84 3785 120 3847 49
133 3779 399 3856 Tragoediographus.
415 3781 450 3835 50
468 3783 610 3836 Trimetris
643 3783 783 3837 62Accius
796 3778 867 3855 apud
876 3780 1095 3852 Latinosprimus
1107 3778 1214 3851 scripsit

49 3858 177 3912 versibus.
199 3862 229 3914 51
252 3864 321 3918 Acer
337 3868 433 3920 Varius
451 3865 527 3921 ducit
541 3867 609 3920 forte
644 3864 824 3940 Tragoediam.

51 3960 114 4013 ‘1³0⁸
127 3984 134 4008 s
153 3943 182 3997 id
197 3961 254 4013 est,
274 3967 384 4004 carmen
403 3950 563 4022 heroicum,
580 3965 610 4004 ut
680 3950 716 4002 63
729 3951 828 4003 Versus
839 3950 929 4001 minus
940 3962 1031 4018 graves
1041 3960 1121 4017 quam
1131 3960 1214 4018 opor:

50 4044 130 4083 nemo
145 4028 250 4085 melius.
376 4060 379 4079 ‹
652 4026 709 4106 tet.¹
