2842 4750
303 232 921 338 ceramensium.

124 408 325 486 Poscentis
347 407 425 484 aevi
449 433 587 510 pauca.
616 400 769 504 ⁶Fugit
795 416 895 476 retro

123 537 245 615 Levis
268 536 473 637 juventas,
497 549 536 608 et
559 515 700 641 decor,
727 547 742 597 7
764 528 878 607 arida

174 661 353 739 Pellente
378 658 543 755 lascivos
565 682 713 732 amores

181 839 184 843 ψ
228 782 410 876 canitie,
437 779 674 883 facilemque
700 803 891 854 somnum.

124 910 219 985 Non
240 933 391 1010 semper
412 904 519 981 idem
542 900 703 979 floribus
730 917 786 976 est
805 900 822 950 ⁸
847 900 966 977 honos

119 1032 296 1125 Vernis;
324 1056 453 1133 neque
476 1054 553 1103 uno
578 1027 691 1101 Luna
714 1027 859 1101 rubens
880 1025 979 1102 nitet

176 1159 317 1241 Vultu.
346 1142 452 1257 Quid
479 1149 632 1231 aeternis
657 1171 673 1221 9
698 1153 892 1230 minorem
935 1213 938 1220 .

231 1283 411 1363 Consiliis
434 1283 612 1358 animum
639 1280 827 1382 fatigasi.

124 1429 161 1466 ¹0
187 1413 267 1490 Gur
288 1441 366 1488 non
386 1410 458 1488 sub
481 1410 560 1486 alta
581 1408 645 1486 vel
667 1410 851 1513 platano,
874 1408 940 1489 vel
963 1409 1039 1487 hae

126 1541 235 1633 Pinu
253 1541 424 1638 jacentes
447 1539 502 1616 sio
529 1556 699 1631 temere,
726 1555 764 1614 et
786 1566 871 1615 rosa
923 1516 939 1525 μ

181 1667 308 1742 Canos
333 1680 363 1715 ¹1
388 1665 538 1741 odorati
562 1660 747 1766 capillos,

234 1790 343 1863 Dum
364 1788 484 1879 lieet,
510 1803 542 1838 1²
567 1786 807 1891 Assyriaque
832 1785 980 1880 nard0,

127 1915 315 1990 Potamus
340 1913 478 1991 uncti?
507 1911 865 2015 dissiput13Evius
968 1926 970 1931 ’

132 2037 256 2114 Curas
281 2038 429 2116 edaces.
456 2054 488 2103 14
514 2038 610 2140 Quis
632 2064 729 2140 puer
751 2062 892 2141 ocyus⁸

178 2166 413 2268 Restinguet
440 2164 607 2241 ardentis
631 2163 788 2240 Falerni

225 2289 381 2382 ‚Pocula
403 2304 659 2394 praetereunte
685 2288 882 2394 lympha?

132 2415 168 2466 1⁵
195 2416 292 2519 Quis
314 2416 476 2494 devium
500 2431 669 2494 scortum
692 2413 822 2493 eliciet
847 2415 965 2493 domo·
1016 2469 1019 2474 =

40 2579 95 2650 quia
106 2582 165 2634 vita
174 2578 265 2634 brevis
274 2579 494 2636 est.61mberbis
503 2584 600 2654 juven·
635 2581 677 2636 dis
696 2571 889 2635 laudatissima.
911 2581 1016 2655 Assyria
1035 2595 1083 2655 pro
1102 2580 1198 2656 Syria,

41 2662 449 2737 tustandemsenescit.7Sicca
462 2681 599 2721 senectute
634 2679 691 2719 non
709 2663 781 2738 quod
802 2668 832 2718 in
853 2665 929 2739 Syria
944 2663 1043 2718 nardus
1061 2668 1199 2735 nascitur,

40 2744 171 2802 Venerem
180 2747 304 2822 abigente
313 2764 340 2802 et
349 2767 473 2802 somnum
482 2748 599 2816 facilem,
636 2748 683 2802 sed
699 2748 773 2821 quod
788 2752 907 2821 montis,
923 2751 951 2801 in
965 2769 1017 2822 quo
1028 2750 1126 2816 oritur,
1138 2771 1199 2824 pars

39 2826 138 2898 idest,
158 2850 283 2885 somnum
303 2852 410 2905 gravem
429 2849 457 2887 et
472 2832 601 2906 longum
635 2850 690 2883 una
707 2830 742 2885 ad
761 2832 869 2906 Syrios,
887 2824 947 2905 pars
965 2830 1049 2885 altera
1067 2828 1101 2885 ad
1119 2833 1200 2889 ludos

34 2929 100 2965 vnam
122 2933 233 2968 somnus
256 2917 363 2970 senibus
382 2915 499 2970 difficilis
520 2932 602 2970 estet
636 2912 769 2981 flectitur,
786 2915 858 2969 unde
878 2914 951 2969 dicta
969 2929 1008 2967 est
1025 2913 1132 2972 Nardus
1148 2917 1214 2969 111-.

42 2991 147 3064 brevis,
171 3013 278 3072 propter
301 2998 397 3053 caloris
417 2998 553 3053 defectum
575 3014 601 3051 et
637 2993 716 3064 dica,
730 3000 825 3051 Diosc.
839 2997 888 3051 lib.
910 3020 933 3050 ι.
952 2997 983 3048 13
998 2996 1132 3052 Bacchus.

42 3079 193 3134 morborum
209 3081 368 3136 molestiam.
386 3080 600 3134 8Pulchritudo.
676 3087 708 3145 ¹4
725 3082 855 3152 Loquitur
868 3080 950 3132 Poeta
964 3080 1036 3152 quasi
1053 3080 1106 3150 jam
1122 3083 1156 3134 sit
1171 3084 1201 3137 in
1259 3099 1261 3103 ’

1 3223 5 3228 p
42 3161 223 3229 9lnferiorem
236 3184 316 3238 quam
325 3180 355 3217 ut
366 3162 454 3217 lutura
471 3165 525 3215 Dei
535 3182 603 3215 con·
637 3165 778 3229 convivio,
793 3161 903 3227 dicens:
918 3164 1204 3238 quie'servusrefrige-

42 3241 98 3298 tilia
113 3247 334 3320 comprehendat.
353 3267 383 3299 ιο
398 3245 474 3300 Ordo
488 3261 542 3312 est,
556 3263 603 3298 cur
637 3245 707 3298 rabit
716 3242 812 3318 pocula
822 3242 939 3297 ardentis
948 3246 1005 3297 vini
1014 3245 1117 3299 Falerni
1130 3268 1204 3321 prae-2v

43 3342 97 3379 uon
106 3344 229 3401 potamus
239 3332 328 3395 uncti,
339 3328 603 3402 dumlicetjacentes
636 3341 760 3381 tereunte
778 3325 905 3399 lympha,
922 3325 951 3379 id
969 3343 1026 3394 est,
1043 3330 1102 3400 quis
1119 3331 1204 3383 refri-

43 3410 80 3462 sic
93 3426 210 3479 temere,
221 3413 251 3466 id
261 3429 316 3478 est,
326 3415 357 3467 in
366 3412 460 3466 umbra
471 3415 602 3485 jacentes,
640 3411 742 3485 garabit
754 3410 866 3483 pocula,
885 3429 952 3484 aqua
964 3410 1084 3464 fluviatili
1098 3412 1201 3481 diluta,

44 3496 103 3548 aine
112 3494 173 3549 ullis
185 3499 348 3551 caerimoniis
356 3536 364 3563 ,
372 3511 401 3549 ut
411 3515 486 3549 casus
498 3495 603 3563 tulerit,
639 3498 711 3550 nein
719 3494 876 3549 ebrietatem
882 3493 1028 3547 incidatur?
1037 3495 1204 3566 15Quisevo.

44 3575 120 3630 nulla
136 3577 227 3633 habita
241 3598 415 3652 personarum
431 3580 556 3631 ratione?
639 3580 736 3633 cabite
746 3577 827 3633 domo
837 3597 883 3633 sua
901 3578 1014 3652 Lyden,
1032 3580 1202 3634 meretricem

83 3681 112 3711 ιι
127 3660 265 3715 Habentes
274 3660 384 3734 capillos
394 3660 517 3713 odoratos
528 3679 605 3726 rosa,
640 3679 699 3715 non
715 3662 870 3735 publicam,
893 3662 941 3715 sed
961 3663 1087 3715 secretius
1104 3663 1215 3731 cogni-⁴

47 3741 75 3795 id
88 3758 147 3809 est,
159 3762 225 3799 rosae
241 3763 337 3810 succo,
353 3743 397 3797 vel
411 3746 468 3817 ipsa
484 3762 544 3796 rosa
559 3746 607 3796 in-
641 3746 715 3798 tam?
724 3765 781 3818 quae
792 3765 874 3818 quum
885 3747 918 3798 sit
928 3744 1022 3809 devia,
1034 3742 1123 3807 idest,
1134 3741 1149 3792 ti
1161 3745 1205 3797 via

47 3838 183 3881 ternexos.
207 3846 238 3880 12
254 3829 400 3900 Unguento
416 3825 541 3880 nardino.
561 3831 610 3882 Est
643 3826 751 3902 publica
767 3843 869 3889 semota
883 3868 893 3892 ,
906 3829 995 3879 minus
1010 3840 1051 3880 est
1072 3823 1211 3894 vulgaris,

45 3907 146 3970 'nardus
157 3909 241 3968 herba
251 3913 281 3965 in
294 3912 435 3983 unguentis
444 3930 612 3985 componere:
644 3913 786 3986 minusque
799 3914 921 3970 'omnium
938 3906 1044 3964 libidini
1057 3907 1189 3978 expositas
