2842 4750
205 347 277 396 110
596 339 636 409 Q.
689 336 970 398 Honhrrr

282 471 335 522 ·²3
359 470 582 571 Utcumque
609 496 766 547 mecum
792 499 859 548 vos
885 471 1017 565 eritis,
1042 471 1211 583 libens..

239 654 266 702 .··.
299 611 335 662 ²4
358 596 617 671 Insanientem
642 597 779 687 nauita
804 597 1016 700 Bosporum

350 719 553 812 Tenebo,
581 706 619 795 et
643 719 677 769 ²⁵
699 734 850 798 arentes
872 750 1009 798 arenas

400 848 435 898 2⁶
451 846 610 923 Littoris
631 847 782 951 Assyrii
807 848 945 925 viator.

222 983 225 987 ’
300 970 439 1050 Visam
460 985 495 1038 2⁷
515 971 718 1050 Britannos
740 971 955 1075 hospitibus
979 969 1103 1062 feros,

300 1096 351 1172 Et
373 1094 504 1171 laetum
527 1095 669 1200 equino
694 1097 881 1202 sanguine
903 1097 939 1148 2⁸
963 1099 1218 1176 Concanum:

347 1219 487 1301 Visam
511 1220 750 1323 pharetratos
774 1237 808 1289 ²9
833 1221 1027 1313 Gelonos,
1053 1233 1057 1237 “

401 1345 436 1397 30
460 1346 510 1421 Et
532 1346 762 1450 Scythicum
786 1344 995 1424 inviolatus
1017 1346 1048 1397 31
1073 1373 1244 1424 amnem.

299 1469 382 1545 Vos
401 1468 434 1520 3²
458 1470 650 1546 Caesarem
671 1470 821 1563 altum,
848 1471 988 1546 militia
1011 1469 1127 1548 simul
1228 1466 1236 1479 ⁸

300 1593 431 1669 Fessas
455 1593 629 1671 cohortes
650 1594 682 1646 33
703 1594 857 1671 abdidit
880 1595 1060 1700 oppidis,

348 1718 481 1794 Binire
504 1737 742 1823 quaerentem
767 1696 918 1795 labores

310 1878 324 1911 ι
397 1844 431 1909 34
454 1843 586 1920 Pierio
610 1844 793 1921 recreatis
816 1824 939 1921 antro.¹

301 1968 383 2048 Vos
405 1969 439 2020 3⁵
465 1964 553 2043 lene
578 1968 784 2045 eonsilium
806 1948 993 2061 efflatis,
1021 1984 1059 2045 et
1084 1970 1174 2045 dato

198 2149 295 2201 satus,
319 2151 382 2186 curn
400 2151 436 2187 ex
455 2131 528 2187 bello
547 2131 714 2207 Philippensi
732 2133 763 2187 in
796 2129 858 2186 lunt
887 2129 1030 2197 Thraces,
1060 2127 1156 2203 quibus
1188 2129 1297 2203 sanguis
1330 2150 1366 2185 ex

198 2219 301 2273 ltaliam
317 2215 425 2270 rediret.
797 2217 897 2290 equini⁴
907 2216 990 2269 cruris
999 2215 1076 2268 venis
1089 2211 1237 2267 subtractus
1253 2229 1281 2267 et
1298 2213 1365 2268 lacti

237 2303 272 2356 23
290 2297 533 2373 Quandocumque.
553 2308 586 2366 24
599 2300 676 2355 Mare
689 2301 762 2355 Boe·
796 2301 981 2364 commixtus,
1010 2312 1088 2370 potus
1120 2311 1178 2350 erat
1210 2296 1364 2352 familiaris.

200 2406 295 2462 porum
320 2399 471 2438 astuosum.
492 2382 562 2438 Vide
581 2383 642 2438 Ode
666 2404 717 2436 xrn
735 2399 762 2438 et
797 2402 833 2456 29
850 2382 965 2456 Scythiae
985 2381 1113 2455 populum
1135 2382 1235 2456 sagittis
1255 2397 1364 2457 poten-

197 2490 245 2524 ιιι,
257 2468 305 2522 lib.
318 2486 348 2519 ιι.
359 2466 395 2536 ,²5
405 2468 506 2519 Arenae
515 2466 634 2519 calentes
645 2485 653 2519 z
664 2468 694 2529 in
704 2469 760 2520 As·
795 2482 869 2530 tem,
883 2465 946 2519 vide
964 2464 1025 2520 Ode
1043 2484 1090 2518 xx.
1107 2462 1156 2518 lib.
1174 2484 1204 2520 ιι.
1218 2465 1253 2519 30
1263 2467 1301 2519 Et
1315 2468 1364 2526 inq

132 2598 134 2604 ,
197 2554 268 2626 syria
285 2552 359 2603 enim
376 2549 515 2601 Persarum
528 2551 655 2622 regione,
673 2549 761 2603 vehe-
793 2547 962 2614 violatus‚id
972 2547 1122 2614 est‚salvus
1134 2547 1274 2602 Musarum
1285 2569 1364 2622 pree-

196 2635 315 2688 mentior
327 2630 424 2684 estsol.
442 2632 477 2684 26
490 2630 759 2703 Assyria‚Strabone
794 2630 862 2685 sidio
880 2634 982 2698 visam,
1004 2646 1057 2686 etc.
1080 2632 1112 2684 31
1132 2632 1183 2685 Per
1200 2631 1362 2706 Scythicum

195 2731 280 2781 teste,
303 2711 491 2784 complectitur
512 2712 708 2785 Babyloniam,
732 2728 760 2769 et
795 2733 912 2769 minem
925 2714 1061 2787 intelligia
1073 2716 1207 2781 Tanaim,
1229 2715 1314 2770 hodie
1333 2705 1363 2770 la

177 2807 321 2871 ⁴ro'agnam
338 2810 440 2868 partem
463 2794 644 2867 adjacentium
664 2800 758 2870 regio·
794 2800 947 2872 Don,quo
962 2799 1070 2871 Europa
1083 2797 1116 2851 ab
1131 2799 1193 2852 Asia
1208 2798 1361 2873 distingui-

196 2900 273 2936 num.
299 2882 405 2951 ltaque,
428 2896 476 2952 per
500 2878 575 2931 littus
601 2880 758 2953 Assyrium,
794 2895 837 2935 tur
851 2900 942 2935 versus
959 2880 1071 2954 Scythas
1089 2896 1116 2935 et
1128 2880 1360 2955 Septentrionem.

194 2963 317 3039 intellige
326 2962 401 3016 littus
410 2962 491 3015 maris
506 2962 605 3017 Persici
615 3002 623 3029 ,
634 2963 677 3017 vel
687 2965 759 3018 Cas·
830 2963 866 3015 32
884 2964 1017 3018 Caesarem
1035 2979 1204 3038 magnumet
1220 2966 1362 3042 triumpho

195 3052 253 3123 pii,
268 3047 404 3103 ueletiam
412 3045 482 3122 syrii
495 3046 761 3121 3nam,Syriadieta
795 3045 947 3101 sublimem.
973 3045 1050 3100 Ordo
1068 3062 1108 3100 est
1129 3066 1136 3100 :
1162 3062 1210 3102 vos
1231 3051 1362 3104 recreatis

194 3151 300 3208 quoque
319 3131 384 3186 oiim
401 3145 441 3186 est
455 3133 571 3205 Assyria.
794 3130 882 3183 Pierio
898 3145 975 3184 antro
992 3130 1124 3185 Caesarem
1139 3147 1305 3205 querentem
1320 3134 1362 3186 fi:

233 3235 266 3287 27
286 3216 410 3269 Britanni
426 3255 435 3281 ,
456 3216 545 3289 inquit
564 3216 670 3282 Acron,
690 3215 760 3271 hos·
794 3215 853 3267 nire
863 3213 966 3267 labores
976 3253 985 3279 ,
996 3212 1076 3269 simul
1089 3230 1167 3288 atque
1183 3214 1289 3269 abdidit
1303 3236 1360 3290 op-

194 3301 265 3374 pites
281 3297 347 3350 olim
359 3296 513 3350 mactabant
522 3317 570 3371 pro
585 3298 682 3352 hostia.
699 3300 759 3352 Feri
795 3295 865 3369 pislis
876 3297 999 3351 cobortes
1009 3297 1088 3351 fessas
1098 3297 1205 3354 militia.
1224 3297 1259 3352 33
1269 3299 1361 3355 Simul

194 3385 276 3457 igitur
300 3395 327 3433 et
345 3378 518 3452 inhospitales
550 3395 615 3435 tunc
634 3382 761 3455 temporis
795 3394 825 3432 ut
847 3382 877 3433 in
899 3379 1026 3453 hybernis
1039 3383 1185 3436 constituit
1207 3384 1359 3456 exercitum

196 3480 283 3520 erant.
305 3459 387 3516 Nunc
409 3481 484 3527 vero,
509 3460 558 3515 illa
577 3483 641 3535 gens
666 3481 724 3535 quae
745 3460 761 3513 i
794 3477 901 3534 propter
909 3464 973 3516 anni
985 3478 1090 3536 tempus
1100 3464 1135 3516 ad
1144 3463 1245 3517 bellum
1256 3465 1359 3539 gereir-

196 3562 289 3604 nostro
300 3545 383 3598 Poeta
401 3544 446 3598 hic
459 3544 557 3598 dicitur
570 3544 641 3610 fera,
655 3542 760 3617 perbu-
795 3542 859 3597 dum
873 3547 1003 3619 ineptum.
1024 3548 1058 3614 34
1072 3549 1156 3601 Antro
1175 3549 1263 3601 Musis
1282 3568 1358 3604 sacro

195 3633 288 3697 mma,
300 3643 330 3682 ut
340 3642 444 3682 coeterae
455 3643 546 3700 gentes
555 3629 679 3703 Europae,
689 3627 760 3680 facta
795 3642 822 3681 et
831 3645 932 3683 secreto
940 3669 949 3696 ,
957 3629 986 3683 id
996 3645 1052 3698 est,
1064 3650 1111 3685 vos
1120 3630 1253 3686 Caesarem
1263 3631 1359 3688 oblec-

196 3730 260 3780 est,
289 3728 367 3787 atque
395 3710 542 3784 hospitalis.
577 3713 610 3765 28
636 3712 759 3766 Concani
794 3713 855 3765 tatis
868 3721 923 3766 arte
937 3715 1051 3785 poetica.

196 3811 273 3870 erant
284 3794 397 3866 Hispani
409 3832 417 3859 ,
428 3795 448 3845 si
459 3792 602 3848 Ptolomaeo
616 3793 759 3861 credatur,
830 3796 864 3849 35
875 3795 1034 3851 -consilium
1044 3795 1077 3851 ab
1087 3798 1255 3853 immanitate
1265 3818 1356 3853 remo-

193 3877 268 3952 apud
286 3897 366 3953 quem
377 3877 507 3931 Concana
522 3875 585 3930 urbs
604 3891 643 3930 est
661 3877 759 3931 Medi·
793 3894 867 3944 tum‚
887 3880 939 3951 quo
963 3899 1025 3933 usus
1047 3896 1087 3938 est
1100 3881 1187 3948 Caesar
1209 3884 1238 3936 in
1258 3882 1355 3955 subjug-

195 3977 318 4030 aerranea
337 3960 507 4018 Cantabria:
524 3958 591 4034 sed,
607 3974 637 4014 ut
647 3958 693 4015 alii
705 3980 759 4016 ro·
793 3961 888 4035 gaudis
898 3961 1027 4020 barbaris.
