<?xml version="1.0" encoding="UTF-8"?>
<!DOCTYPE html PUBLIC "-//W3C//DTD XHTML 1.0 Transitional//EN"
    "http://www.w3.org/TR/xhtml1/DTD/xhtml1-transitional.dtd">
<html xmlns="http://www.w3.org/1999/xhtml" xml:lang="en" lang="en">
 <head>
  <title>
</title>
<meta http-equiv="Content-Type" content="text/html;charset=utf-8" />
  <meta name='ocr-system' content='tesseract 3.04.00' />
  <meta name='ocr-capabilities' content='ocr_page ocr_carea ocr_par ocr_line ocrx_word'/>
</head>
<body>
  <div class='ocr_page' id='page_1' title='image "./quintushoratius01horagoog_0300.png"; bbox 0 0 2842 4750; ppageno 0'>
   <div class='ocr_carea' id='block_1_1' title="bbox 213 290 984 383">
    <p class='ocr_par' dir='ltr' id='par_1_1' title="bbox 213 290 984 383">
     <span class='ocr_line' id='line_1_1' title="bbox 213 290 984 383; baseline 0.003 -35"><span class='ocrx_word' id='word_1_1' title='bbox 213 303 288 383; x_wconf 75' lang='lat'><strong>242</strong></span> <span class='ocrx_word' id='word_1_2' title='bbox 606 296 646 368; x_wconf 79' lang='lat' dir='ltr'><strong>Q.</strong></span> <span class='ocrx_word' id='word_1_3' title='bbox 699 290 984 352; x_wconf 65' lang='lat' dir='ltr'><strong>nostru</strong></span> 
     </span>
    </p>
   </div>
   <div class='ocr_carea' id='block_1_2' title="bbox 137 448 1379 2182">
    <p class='ocr_par' dir='ltr' id='par_1_2' title="bbox 214 448 1244 544">
     <span class='ocr_line' id='line_1_2' title="bbox 214 448 1244 544; baseline -0.007 -9"><span class='ocrx_word' id='word_1_4' title='bbox 214 456 419 535; x_wconf 85' lang='lat' dir='ltr'><strong>Delassare</strong></span> <span class='ocrx_word' id='word_1_5' title='bbox 437 450 572 530; x_wconf 82' lang='lat' dir='ltr'><strong>valent</strong></span> <span class='ocrx_word' id='word_1_6' title='bbox 588 466 623 520; x_wconf 85' lang='lat'><strong>¹⁷</strong></span> <span class='ocrx_word' id='word_1_7' title='bbox 638 448 823 531; x_wconf 84' lang='lat' dir='ltr'><strong>Fabium.</strong></span> <span class='ocrx_word' id='word_1_8' title='bbox 841 450 903 526; x_wconf 92' lang='lat' dir='ltr'><strong>Ne</strong></span> <span class='ocrx_word' id='word_1_9' title='bbox 921 465 960 526; x_wconf 88' lang='lat' dir='ltr'><strong>te</strong></span> <span class='ocrx_word' id='word_1_10' title='bbox 976 473 1129 544; x_wconf 85' lang='lat' dir='ltr'><strong>morer,</strong></span> <span class='ocrx_word' id='word_1_11' title='bbox 1150 451 1244 528; x_wconf 92' lang='lat' dir='ltr'><strong>audi</strong></span> 
     </span>
    </p>

    <p class='ocr_par' dir='ltr' id='par_1_3' title="bbox 211 573 1379 1055">
     <span class='ocr_line' id='line_1_3' title="bbox 214 573 1295 684; baseline -0.006 -25"><span class='ocrx_word' id='word_1_12' title='bbox 214 584 302 684; x_wconf 88' lang='lat' dir='ltr'><strong>Quo</strong></span> <span class='ocrx_word' id='word_1_13' title='bbox 322 607 406 657; x_wconf 90' lang='lat' dir='ltr'><strong>rem</strong></span> <span class='ocrx_word' id='word_1_14' title='bbox 427 578 632 655; x_wconf 68' lang='lat' dir='ltr'><strong>deducens</strong></span> <span class='ocrx_word' id='word_1_15' title='bbox 656 573 698 653; x_wconf 89' lang='lat' dir='ltr'><strong>Si</strong></span> <span class='ocrx_word' id='word_1_16' title='bbox 717 574 805 680; x_wconf 83' lang='lat' dir='ltr'><strong>quis</strong></span> <span class='ocrx_word' id='word_1_17' title='bbox 825 574 959 668; x_wconf 87' lang='lat' dir='ltr'><strong>Deus,</strong></span> <span class='ocrx_word' id='word_1_18' title='bbox 979 604 1030 653; x_wconf 91' lang='lat' dir='ltr'><strong>en</strong></span> <span class='ocrx_word' id='word_1_19' title='bbox 1049 602 1143 679; x_wconf 78' lang='lat' dir='ltr'><strong>ego,</strong></span> <span class='ocrx_word' id='word_1_20' title='bbox 1162 576 1295 670; x_wconf 86' lang='lat' dir='ltr'><strong>dicat,</strong></span> 
     </span>
     <span class='ocr_line' id='line_1_4' title="bbox 211 702 1331 809; baseline -0.001 -26"><span class='ocrx_word' id='word_1_21' title='bbox 211 707 309 784; x_wconf 76' lang='lat' dir='ltr'><strong>dam</strong></span> <span class='ocrx_word' id='word_1_22' title='bbox 325 705 470 782; x_wconf 83' lang='lat' dir='ltr'><strong>faciam</strong></span> <span class='ocrx_word' id='word_1_23' title='bbox 489 703 594 809; x_wconf 92' lang='lat' dir='ltr'><strong>quod</strong></span> <span class='ocrx_word' id='word_1_24' title='bbox 613 702 733 781; x_wconf 88' lang='lat' dir='ltr'><strong>vultis</strong></span> <span class='ocrx_word' id='word_1_25' title='bbox 755 735 765 782; x_wconf 73' lang='grc' dir='ltr'><strong><em>ε</em></strong></span> <span class='ocrx_word' id='word_1_26' title='bbox 788 704 861 782; x_wconf 94' lang='lat' dir='ltr'><strong>eris</strong></span> <span class='ocrx_word' id='word_1_27' title='bbox 880 720 950 797; x_wconf 86' lang='lat' dir='ltr'><strong>tu,</strong></span> <span class='ocrx_word' id='word_1_28' title='bbox 973 703 1043 807; x_wconf 92' lang='lat' dir='ltr'><strong>qui</strong></span> <span class='ocrx_word' id='word_1_29' title='bbox 1062 704 1179 781; x_wconf 91' lang='lat' dir='ltr'><strong>modo</strong></span> <span class='ocrx_word' id='word_1_30' title='bbox 1194 704 1331 800; x_wconf 85' lang='lat' dir='ltr'><strong>miles,</strong></span> 
     </span>
     <span class='ocr_line' id='line_1_5' title="bbox 214 825 1379 925; baseline -0.003 -15"><span class='ocrx_word' id='word_1_31' title='bbox 214 831 440 910; x_wconf 80' lang='lat' dir='ltr'>Mercator:</span> <span class='ocrx_word' id='word_1_32' title='bbox 461 829 494 881; x_wconf 82' lang='grc'><strong>23</strong></span> <span class='ocrx_word' id='word_1_33' title='bbox 511 843 555 904; x_wconf 93' lang='lat' dir='ltr'><strong>tu</strong></span> <span class='ocrx_word' id='word_1_34' title='bbox 569 825 764 906; x_wconf 88' lang='lat' dir='ltr'><strong>consultus</strong></span> <span class='ocrx_word' id='word_1_35' title='bbox 776 828 915 922; x_wconf 89' lang='lat' dir='ltr'><strong>modo,</strong></span> <span class='ocrx_word' id='word_1_36' title='bbox 933 829 1109 913; x_wconf 82' lang='lat' dir='ltr'><strong>rusticus.</strong></span> <span class='ocrx_word' id='word_1_37' title='bbox 1126 846 1158 897; x_wconf 85' lang='lat'><strong>¹9</strong></span> <span class='ocrx_word' id='word_1_38' title='bbox 1174 829 1279 907; x_wconf 88' lang='lat' dir='ltr'><strong>Hinc</strong></span> <span class='ocrx_word' id='word_1_39' title='bbox 1291 860 1379 925; x_wconf 86' lang='lat' dir='ltr'><strong>vos,</strong></span> 
     </span>
     <span class='ocr_line' id='line_1_6' title="bbox 213 950 1168 1055; baseline -0.005 -19"><span class='ocrx_word' id='word_1_40' title='bbox 213 955 297 1036; x_wconf 90' lang='lat' dir='ltr'><strong>Vos</strong></span> <span class='ocrx_word' id='word_1_41' title='bbox 315 954 408 1031; x_wconf 91' lang='lat' dir='ltr'><strong>hinc</strong></span> <span class='ocrx_word' id='word_1_42' title='bbox 423 950 583 1030; x_wconf 89' lang='lat' dir='ltr'><strong>mutatis</strong></span> <span class='ocrx_word' id='word_1_43' title='bbox 605 951 794 1029; x_wconf 85' lang='lat' dir='ltr'><strong>discedite</strong></span> <span class='ocrx_word' id='word_1_44' title='bbox 811 968 847 1005; x_wconf 84' lang='lat'><strong>²0</strong></span> <span class='ocrx_word' id='word_1_45' title='bbox 863 950 1049 1055; x_wconf 87' lang='lat' dir='ltr'><strong>partibus.</strong></span> <span class='ocrx_word' id='word_1_46' title='bbox 1071 952 1168 1031; x_wconf 86' lang='lat' dir='ltr'><strong>Eia!</strong></span> 
     </span>
    </p>

    <p class='ocr_par' dir='ltr' id='par_1_4' title="bbox 207 1075 1362 1432">
     <span class='ocr_line' id='line_1_7' title="bbox 214 1075 1362 1183; baseline -0.002 -26"><span class='ocrx_word' id='word_1_47' title='bbox 214 1091 247 1133; x_wconf 79' lang='grc'><strong>22</strong></span> <span class='ocrx_word' id='word_1_48' title='bbox 266 1080 373 1183; x_wconf 87' lang='lat' dir='ltr'><strong>Quid</strong></span> <span class='ocrx_word' id='word_1_49' title='bbox 389 1079 520 1159; x_wconf 81' lang='lat' dir='ltr'><strong>statis?</strong></span> <span class='ocrx_word' id='word_1_50' title='bbox 537 1092 571 1130; x_wconf 93' lang='grc'><strong>22</strong></span> <span class='ocrx_word' id='word_1_51' title='bbox 589 1075 740 1158; x_wconf 88' lang='lat' dir='ltr'><strong>Nolint.</strong></span> <span class='ocrx_word' id='word_1_52' title='bbox 771 1078 897 1183; x_wconf 87' lang='lat' dir='ltr'><strong>Atqui</strong></span> <span class='ocrx_word' id='word_1_53' title='bbox 914 1076 1008 1178; x_wconf 85' lang='lat' dir='ltr'><strong>licet</strong></span> <span class='ocrx_word' id='word_1_54' title='bbox 1022 1105 1101 1155; x_wconf 87' lang='lat' dir='ltr'><strong>esse</strong></span> <span class='ocrx_word' id='word_1_55' title='bbox 1118 1077 1255 1160; x_wconf 85' lang='lat' dir='ltr'><strong>beatis.</strong></span> <span class='ocrx_word' id='word_1_56' title='bbox 1355 1099 1362 1112; x_wconf 76' lang='grc'><strong><em>·</em></strong></span> 
     </span>
     <span class='ocr_line' id='line_1_8' title="bbox 207 1202 1266 1313; baseline 0 -32"><span class='ocrx_word' id='word_1_57' title='bbox 207 1205 321 1313; x_wconf 64' lang='grc' dir='ltr'><strong>Ωιιὶἀ</strong></span> <span class='ocrx_word' id='word_1_58' title='bbox 340 1232 466 1282; x_wconf 79' lang='lat' dir='ltr'><strong>causae</strong></span> <span class='ocrx_word' id='word_1_59' title='bbox 482 1218 560 1297; x_wconf 89' lang='lat' dir='ltr'><strong>est,</strong></span> <span class='ocrx_word' id='word_1_60' title='bbox 577 1203 719 1284; x_wconf 89' lang='lat' dir='ltr'><strong>merito</strong></span> <span class='ocrx_word' id='word_1_61' title='bbox 737 1202 834 1309; x_wconf 90' lang='lat' dir='ltr'><strong>quin</strong></span> <span class='ocrx_word' id='word_1_62' title='bbox 851 1203 930 1281; x_wconf 90' lang='lat' dir='ltr'><strong>illis</strong></span> <span class='ocrx_word' id='word_1_63' title='bbox 949 1202 1107 1307; x_wconf 80' lang='lat' dir='ltr'><strong>Jupiter</strong></span> <span class='ocrx_word' id='word_1_64' title='bbox 1129 1203 1266 1281; x_wconf 87' lang='lat' dir='ltr'><strong>ambas</strong></span> 
     </span>
     <span class='ocr_line' id='line_1_9' title="bbox 214 1325 1203 1432; baseline -0.004 -25"><span class='ocrx_word' id='word_1_65' title='bbox 214 1331 341 1407; x_wconf 88' lang='lat' dir='ltr'><strong>Iratus</strong></span> <span class='ocrx_word' id='word_1_66' title='bbox 357 1328 390 1381; x_wconf 88' lang='grc'><strong>23</strong></span> <span class='ocrx_word' id='word_1_67' title='bbox 410 1327 556 1406; x_wconf 86' lang='lat' dir='ltr'><strong>buccas</strong></span> <span class='ocrx_word' id='word_1_68' title='bbox 575 1327 709 1421; x_wconf 85' lang='lat' dir='ltr'><strong>inflet,</strong></span> <span class='ocrx_word' id='word_1_69' title='bbox 730 1356 859 1432; x_wconf 88' lang='lat' dir='ltr'><strong>neque</strong></span> <span class='ocrx_word' id='word_1_70' title='bbox 878 1356 917 1406; x_wconf 86' lang='lat' dir='ltr'><strong>se</strong></span> <span class='ocrx_word' id='word_1_71' title='bbox 940 1325 1022 1406; x_wconf 83' lang='lat' dir='ltr'><strong>fore</strong></span> <span class='ocrx_word' id='word_1_72' title='bbox 1043 1326 1203 1431; x_wconf 89' lang='lat' dir='ltr'><strong>posthac</strong></span> 
     </span>
    </p>

    <p class='ocr_par' dir='ltr' id='par_1_5' title="bbox 137 1451 1361 2059">
     <span class='ocr_line' id='line_1_10' title="bbox 216 1451 1268 1556; baseline 0.002 -24"><span class='ocrx_word' id='word_1_73' title='bbox 216 1455 321 1532; x_wconf 83' lang='lat' dir='ltr'><strong>Tam</strong></span> <span class='ocrx_word' id='word_1_74' title='bbox 341 1452 506 1546; x_wconf 70' lang='lat' dir='ltr'><strong>facilem,</strong></span> <span class='ocrx_word' id='word_1_75' title='bbox 519 1453 654 1545; x_wconf 89' lang='lat' dir='ltr'><strong>dicat,</strong></span> <span class='ocrx_word' id='word_1_76' title='bbox 673 1469 709 1521; x_wconf 77' lang='lat'><strong>²4</strong></span> <span class='ocrx_word' id='word_1_77' title='bbox 727 1454 827 1531; x_wconf 85' lang='lat' dir='ltr'><strong>votis</strong></span> <span class='ocrx_word' id='word_1_78' title='bbox 848 1471 892 1530; x_wconf 90' lang='lat' dir='ltr'><strong>ut</strong></span> <span class='ocrx_word' id='word_1_79' title='bbox 911 1451 1084 1556; x_wconf 81' lang='lat' dir='ltr'><strong>praebeat</strong></span> <span class='ocrx_word' id='word_1_80' title='bbox 1104 1462 1268 1534; x_wconf 77' lang='lat' dir='ltr'><strong>aurem?</strong></span> 
     </span>
     <span class='ocr_line' id='line_1_11' title="bbox 215 1560 1188 1680; baseline -0.005 -22"><span class='ocrx_word' id='word_1_81' title='bbox 215 1560 430 1668; x_wconf 63' lang='lat' dir='ltr'><strong>Praeterea,⁴</strong></span> <span class='ocrx_word' id='word_1_82' title='bbox 449 1603 498 1652; x_wconf 92' lang='lat' dir='ltr'><strong>ne</strong></span> <span class='ocrx_word' id='word_1_83' title='bbox 519 1575 599 1668; x_wconf 87' lang='lat' dir='ltr'><strong>sio,</strong></span> <span class='ocrx_word' id='word_1_84' title='bbox 617 1576 651 1628; x_wconf 84' lang='lat'><strong>2⁵</strong></span> <span class='ocrx_word' id='word_1_85' title='bbox 671 1575 805 1680; x_wconf 90' lang='lat' dir='ltr'><strong>utqui</strong></span> <span class='ocrx_word' id='word_1_86' title='bbox 825 1562 1040 1676; x_wconf 78' lang='lat' dir='ltr'><strong>jocularia,</strong></span> <span class='ocrx_word' id='word_1_87' title='bbox 1058 1576 1188 1653; x_wconf 87' lang='lat' dir='ltr'><strong>ridens</strong></span> 
     </span>
     <span class='ocr_line' id='line_1_12' title="bbox 214 1704 1306 1809; baseline -0.002 -25"><span class='ocrx_word' id='word_1_88' title='bbox 214 1704 447 1784; x_wconf 82' lang='lat' dir='ltr'><strong>Percurram</strong></span> <span class='ocrx_word' id='word_1_89' title='bbox 464 1734 475 1781; x_wconf 77' lang='lat' dir='ltr'><strong>r</strong></span> <span class='ocrx_word' id='word_1_90' title='bbox 492 1727 738 1809; x_wconf 85' lang='lat' dir='ltr'><strong>quamquam</strong></span> <span class='ocrx_word' id='word_1_91' title='bbox 753 1705 788 1756; x_wconf 83' lang='lat'><strong>²⁶</strong></span> <span class='ocrx_word' id='word_1_92' title='bbox 805 1704 1000 1782; x_wconf 84' lang='lat' dir='ltr'><strong>ridentem</strong></span> <span class='ocrx_word' id='word_1_93' title='bbox 1017 1706 1149 1782; x_wconf 82' lang='lat' dir='ltr'><strong>dicere</strong></span> <span class='ocrx_word' id='word_1_94' title='bbox 1165 1733 1306 1783; x_wconf 87' lang='lat' dir='ltr'><strong>verum</strong></span> 
     </span>
     <span class='ocr_line' id='line_1_13' title="bbox 211 1825 1361 1933; baseline 0.003 -32"><span class='ocrx_word' id='word_1_95' title='bbox 211 1825 323 1930; x_wconf 83' lang='lat' dir='ltr'><strong>Quid</strong></span> <span class='ocrx_word' id='word_1_96' title='bbox 341 1835 475 1906; x_wconf 82' lang='lat' dir='ltr'><strong>vetat?</strong></span> <span class='ocrx_word' id='word_1_97' title='bbox 494 1844 538 1906; x_wconf 89' lang='lat' dir='ltr'><strong>ut</strong></span> <span class='ocrx_word' id='word_1_98' title='bbox 559 1827 689 1933; x_wconf 87' lang='lat' dir='ltr'><strong>pueris</strong></span> <span class='ocrx_word' id='word_1_99' title='bbox 709 1842 745 1896; x_wconf 83' lang='grc'><strong>27</strong></span> <span class='ocrx_word' id='word_1_100' title='bbox 764 1828 857 1906; x_wconf 88' lang='lat' dir='ltr'><strong>olim</strong></span> <span class='ocrx_word' id='word_1_101' title='bbox 877 1829 973 1907; x_wconf 85' lang='lat' dir='ltr'><strong>dent</strong></span> <span class='ocrx_word' id='word_1_102' title='bbox 986 1830 1021 1883; x_wconf 83' lang='grc'><strong>23</strong></span> <span class='ocrx_word' id='word_1_103' title='bbox 1039 1829 1211 1907; x_wconf 89' lang='lat' dir='ltr'><strong>crustula</strong></span> <span class='ocrx_word' id='word_1_104' title='bbox 1227 1829 1361 1908; x_wconf 86' lang='lat' dir='ltr'><strong>blandi</strong></span> 
     </span>
     <span class='ocr_line' id='line_1_14' title="bbox 137 1950 1177 2059; baseline 0.003 -30"><span class='ocrx_word' id='word_1_105' title='bbox 137 2049 139 2052; x_wconf 15' lang='grc' dir='ltr'>Ι</span> <span class='ocrx_word' id='word_1_106' title='bbox 212 1954 424 2043; x_wconf 80' lang='lat' dir='ltr'><strong>Doctores,</strong></span> <span class='ocrx_word' id='word_1_107' title='bbox 443 1950 638 2030; x_wconf 86' lang='lat' dir='ltr'><strong>elementa</strong></span> <span class='ocrx_word' id='word_1_108' title='bbox 655 1950 781 2030; x_wconf 81' lang='lat' dir='ltr'><strong>velint</strong></span> <span class='ocrx_word' id='word_1_109' title='bbox 799 1969 844 2030; x_wconf 91' lang='lat' dir='ltr'><strong>ut</strong></span> <span class='ocrx_word' id='word_1_110' title='bbox 864 1953 1014 2031; x_wconf 88' lang='lat' dir='ltr'><strong>discere</strong></span> <span class='ocrx_word' id='word_1_111' title='bbox 1025 1954 1177 2059; x_wconf 87' lang='lat' dir='ltr'><strong>prima:</strong></span> 
     </span>
    </p>

    <p class='ocr_par' dir='ltr' id='par_1_6' title="bbox 211 2076 1080 2182">
     <span class='ocr_line' id='line_1_15' title="bbox 211 2076 1080 2182; baseline 0.006 -27"><span class='ocrx_word' id='word_1_112' title='bbox 211 2076 293 2155; x_wconf 83' lang='lat' dir='ltr'><strong>Sed</strong></span> <span class='ocrx_word' id='word_1_113' title='bbox 312 2094 445 2155; x_wconf 90' lang='lat' dir='ltr'><strong>tamen</strong></span> <span class='ocrx_word' id='word_1_114' title='bbox 467 2093 597 2154; x_wconf 87' lang='lat' dir='ltr'><strong>amoto</strong></span> <span class='ocrx_word' id='word_1_115' title='bbox 618 2105 838 2182; x_wconf 88' lang='lat' dir='ltr'><strong>quaeramus</strong></span> <span class='ocrx_word' id='word_1_116' title='bbox 856 2078 957 2157; x_wconf 85' lang='lat' dir='ltr'><strong>seria</strong></span> <span class='ocrx_word' id='word_1_117' title='bbox 973 2077 1080 2160; x_wconf 88' lang='lat' dir='ltr'><strong>ludo.</strong></span> 
     </span>
    </p>
   </div>
   <div class='ocr_carea' id='block_1_3' title="bbox 212 2205 1197 2312">
    <p class='ocr_par' dir='ltr' id='par_1_7' title="bbox 212 2205 1197 2312">
     <span class='ocr_line' id='line_1_16' title="bbox 212 2205 1197 2312; baseline 0.009 -36"><span class='ocrx_word' id='word_1_118' title='bbox 212 2220 248 2276; x_wconf 86' lang='lat'><strong>²9</strong></span> <span class='ocrx_word' id='word_1_119' title='bbox 265 2205 338 2283; x_wconf 91' lang='lat' dir='ltr'><strong>Ille</strong></span> <span class='ocrx_word' id='word_1_120' title='bbox 360 2233 524 2312; x_wconf 87' lang='lat' dir='ltr'><strong>gravem</strong></span> <span class='ocrx_word' id='word_1_121' title='bbox 543 2207 640 2285; x_wconf 91' lang='lat' dir='ltr'><strong>duro</strong></span> <span class='ocrx_word' id='word_1_122' title='bbox 658 2223 806 2286; x_wconf 87' lang='lat' dir='ltr'><strong>terram</strong></span> <span class='ocrx_word' id='word_1_123' title='bbox 827 2208 895 2312; x_wconf 93' lang='lat' dir='ltr'><strong>qui</strong></span> <span class='ocrx_word' id='word_1_124' title='bbox 914 2207 1033 2287; x_wconf 86' lang='lat' dir='ltr'><strong>vertit</strong></span> <span class='ocrx_word' id='word_1_125' title='bbox 1048 2223 1197 2302; x_wconf 88' lang='lat' dir='ltr'><strong>aratro,</strong></span> 
     </span>
    </p>
   </div>
   <div class='ocr_carea' id='block_1_4' title="bbox 207 2330 1375 3063">
    <p class='ocr_par' dir='ltr' id='par_1_8' title="bbox 207 2330 1375 3063">
     <span class='ocr_line' id='line_1_17' title="bbox 207 2330 1375 2439; baseline 0.002 -29"><span class='ocrx_word' id='word_1_126' title='bbox 207 2331 246 2387; x_wconf 76' lang='lat'><strong>3⁰</strong></span> <span class='ocrx_word' id='word_1_127' title='bbox 264 2331 439 2410; x_wconf 88' lang='lat' dir='ltr'><strong>Perfidus</strong></span> <span class='ocrx_word' id='word_1_128' title='bbox 457 2330 524 2410; x_wconf 88' lang='lat' dir='ltr'><strong>hic</strong></span> <span class='ocrx_word' id='word_1_129' title='bbox 545 2359 696 2439; x_wconf 87' lang='lat' dir='ltr'><strong>caupo,</strong></span> <span class='ocrx_word' id='word_1_130' title='bbox 715 2330 856 2428; x_wconf 83' lang='lat' dir='ltr'><strong>miles,</strong></span> <span class='ocrx_word' id='word_1_131' title='bbox 874 2335 1103 2439; x_wconf 72' lang='lat' dir='ltr'><strong>nautaeque,</strong></span> <span class='ocrx_word' id='word_1_132' title='bbox 1120 2360 1193 2438; x_wconf 89' lang='lat' dir='ltr'><strong>per</strong></span> <span class='ocrx_word' id='word_1_133' title='bbox 1207 2359 1321 2414; x_wconf 87' lang='lat' dir='ltr'><strong>omne</strong></span> <span class='ocrx_word' id='word_1_134' title='bbox 1373 2359 1375 2366; x_wconf 75' lang='grc'>’</span> 
     </span>
     <span class='ocr_line' id='line_1_18' title="bbox 211 2454 1317 2564; baseline 0.002 -28"><span class='ocrx_word' id='word_1_135' title='bbox 211 2458 398 2536; x_wconf 82' lang='lat' dir='ltr'><strong>Audaces</strong></span> <span class='ocrx_word' id='word_1_136' title='bbox 417 2485 525 2535; x_wconf 87' lang='lat' dir='ltr'><strong>mare</strong></span> <span class='ocrx_word' id='word_1_137' title='bbox 542 2454 611 2564; x_wconf 91' lang='lat' dir='ltr'><strong>qui</strong></span> <span class='ocrx_word' id='word_1_138' title='bbox 631 2473 818 2551; x_wconf 85' lang='lat' dir='ltr'><strong>currunt,</strong></span> <span class='ocrx_word' id='word_1_139' title='bbox 836 2459 868 2512; x_wconf 81' lang='grc'><strong>32</strong></span> <span class='ocrx_word' id='word_1_140' title='bbox 888 2458 964 2535; x_wconf 87' lang='lat' dir='ltr'><strong>h&#39;ac</strong></span> <span class='ocrx_word' id='word_1_141' title='bbox 983 2477 1114 2537; x_wconf 91' lang='lat' dir='ltr'><strong>mente</strong></span> <span class='ocrx_word' id='word_1_142' title='bbox 1138 2458 1317 2553; x_wconf 86' lang='lat' dir='ltr'><strong>laborem</strong></span> 
     </span>
     <span class='ocr_line' id='line_1_19' title="bbox 216 2579 1195 2676; baseline -0.001 -17"><span class='ocrx_word' id='word_1_143' title='bbox 216 2583 307 2660; x_wconf 87' lang='lat' dir='ltr'><strong>Sese</strong></span> <span class='ocrx_word' id='word_1_144' title='bbox 325 2579 426 2657; x_wconf 90' lang='lat' dir='ltr'><strong>ferre</strong></span> <span class='ocrx_word' id='word_1_145' title='bbox 441 2639 453 2673; x_wconf 90' lang='lat'>‚</span> <span class='ocrx_word' id='word_1_146' title='bbox 470 2582 503 2633; x_wconf 84' lang='grc'><strong>32</strong></span> <span class='ocrx_word' id='word_1_147' title='bbox 523 2607 633 2663; x_wconf 89' lang='lat' dir='ltr'><strong>senes</strong></span> <span class='ocrx_word' id='word_1_148' title='bbox 654 2597 699 2656; x_wconf 89' lang='lat' dir='ltr'><strong>ut</strong></span> <span class='ocrx_word' id='word_1_149' title='bbox 720 2579 764 2657; x_wconf 88' lang='lat' dir='ltr'><strong>in</strong></span> <span class='ocrx_word' id='word_1_150' title='bbox 784 2580 864 2658; x_wconf 88' lang='lat' dir='ltr'><strong>otia</strong></span> <span class='ocrx_word' id='word_1_151' title='bbox 877 2597 967 2667; x_wconf 80' lang='lat' dir='ltr'><strong>¹tuta</strong></span> <span class='ocrx_word' id='word_1_152' title='bbox 983 2584 1195 2676; x_wconf 84' lang='lat' dir='ltr'><strong>recedant,</strong></span> 
     </span>
     <span class='ocr_line' id='line_1_20' title="bbox 213 2704 1232 2811; baseline 0.002 -28"><span class='ocrx_word' id='word_1_153' title='bbox 213 2704 363 2798; x_wconf 85' lang='lat' dir='ltr'><strong>Aiunt,</strong></span> <span class='ocrx_word' id='word_1_154' title='bbox 384 2731 477 2781; x_wconf 90' lang='lat' dir='ltr'><strong>cum</strong></span> <span class='ocrx_word' id='word_1_155' title='bbox 495 2704 572 2782; x_wconf 90' lang='lat' dir='ltr'><strong>sibi</strong></span> <span class='ocrx_word' id='word_1_156' title='bbox 593 2705 670 2782; x_wconf 90' lang='lat' dir='ltr'><strong>sint</strong></span> <span class='ocrx_word' id='word_1_157' title='bbox 688 2722 869 2811; x_wconf 86' lang='lat' dir='ltr'><strong>congesta</strong></span> <span class='ocrx_word' id='word_1_158' title='bbox 886 2708 919 2759; x_wconf 88' lang='grc'><strong>33</strong></span> <span class='ocrx_word' id='word_1_159' title='bbox 937 2707 1100 2787; x_wconf 88' lang='lat' dir='ltr'><strong>cibaria.</strong></span> <span class='ocrx_word' id='word_1_160' title='bbox 1119 2708 1232 2785; x_wconf 90' lang='lat' dir='ltr'><strong>Sicut</strong></span> 
     </span>
     <span class='ocr_line' id='line_1_21' title="bbox 215 2828 1329 2938; baseline 0.003 -30"><span class='ocrx_word' id='word_1_161' title='bbox 215 2828 388 2908; x_wconf 85' lang='lat' dir='ltr'><strong>Parvula</strong></span> <span class='ocrx_word' id='word_1_162' title='bbox 401 2855 532 2922; x_wconf 84' lang='lat' dir='ltr'><strong>,nam</strong></span> <span class='ocrx_word' id='word_1_163' title='bbox 547 2828 726 2938; x_wconf 86' lang='lat' dir='ltr'><strong>exemplo</strong></span> <span class='ocrx_word' id='word_1_164' title='bbox 744 2847 800 2908; x_wconf 90' lang='lat' dir='ltr'><strong>est</strong></span> <span class='ocrx_word' id='word_1_165' title='bbox 814 2891 825 2925; x_wconf 93' lang='lat'>‚</span> <span class='ocrx_word' id='word_1_166' title='bbox 841 2831 975 2937; x_wconf 82' lang='lat' dir='ltr'><strong>magni</strong></span> <span class='ocrx_word' id='word_1_167' title='bbox 995 2832 1160 2909; x_wconf 81' lang='lat' dir='ltr'><strong>formica</strong></span> <span class='ocrx_word' id='word_1_168' title='bbox 1185 2832 1329 2911; x_wconf 89' lang='lat' dir='ltr'><strong>laboris</strong></span> 
     </span>
     <span class='ocr_line' id='line_1_22' title="bbox 212 2946 1312 3063; baseline 0.002 -31"><span class='ocrx_word' id='word_1_169' title='bbox 212 2957 293 3033; x_wconf 87' lang='lat' dir='ltr'><strong>Ore</strong></span> <span class='ocrx_word' id='word_1_170' title='bbox 311 2953 433 3033; x_wconf 88' lang='lat' dir='ltr'><strong>trahit</strong></span> <span class='ocrx_word' id='word_1_171' title='bbox 448 2955 727 3061; x_wconf 88' lang='lat' dir='ltr'><strong>quodcumque</strong></span> <span class='ocrx_word' id='word_1_172' title='bbox 743 2946 890 3063; x_wconf 83' lang='lat' dir='ltr'><strong>potest,</strong></span> <span class='ocrx_word' id='word_1_173' title='bbox 905 2976 1023 3062; x_wconf 89' lang='lat' dir='ltr'><strong>atque</strong></span> <span class='ocrx_word' id='word_1_174' title='bbox 1041 2956 1153 3034; x_wconf 87' lang='lat' dir='ltr'><strong>addit</strong></span> <span class='ocrx_word' id='word_1_175' title='bbox 1168 2983 1312 3037; x_wconf 87' lang='lat' dir='ltr'><strong>acervo</strong></span> 
     </span>
    </p>
   </div>
   <div class='ocr_carea' id='block_1_5' title="bbox 206 3153 1373 3492">
    <p class='ocr_par' dir='ltr' id='par_1_9' title="bbox 206 3153 1373 3315">
     <span class='ocr_line' id='line_1_23' title="bbox 206 3153 1373 3234; baseline 0.003 -24"><span class='ocrx_word' id='word_1_176' title='bbox 206 3156 422 3214; x_wconf 72' lang='lat' dir='ltr'><strong>inconstantiam</strong></span> <span class='ocrx_word' id='word_1_177' title='bbox 451 3153 557 3213; x_wconf 82' lang='lat' dir='ltr'><strong>diversa</strong></span> <span class='ocrx_word' id='word_1_178' title='bbox 585 3157 724 3225; x_wconf 78' lang='lat' dir='ltr'><strong>laudant,</strong></span> <span class='ocrx_word' id='word_1_179' title='bbox 748 3173 780 3214; x_wconf 91' lang='lat' dir='ltr'><strong>ut</strong></span> <span class='ocrx_word' id='word_1_180' title='bbox 850 3158 885 3213; x_wconf 76' lang='lat'><strong>23</strong></span> <span class='ocrx_word' id='word_1_181' title='bbox 903 3159 979 3230; x_wconf 88' lang='lat' dir='ltr'><strong>Quin</strong></span> <span class='ocrx_word' id='word_1_182' title='bbox 999 3160 1104 3234; x_wconf 82' lang='lat' dir='ltr'><strong>Jupiter</strong></span> <span class='ocrx_word' id='word_1_183' title='bbox 1115 3160 1259 3229; x_wconf 70' lang='lat' dir='ltr'><strong>ireseum.</strong></span> <span class='ocrx_word' id='word_1_184' title='bbox 1288 3167 1322 3228; x_wconf 81' lang='lat'><strong>²4</strong></span> <span class='ocrx_word' id='word_1_185' title='bbox 1337 3156 1373 3213; x_wconf 83' lang='lat' dir='ltr'><strong>Ut</strong></span> 
     </span>
     <span class='ocr_line' id='line_1_24' title="bbox 212 3236 1096 3315; baseline 0.003 -22"><span class='ocrx_word' id='word_1_186' title='bbox 212 3237 345 3295; x_wconf 78' lang='lat' dir='ltr'><strong>delassare</strong></span> <span class='ocrx_word' id='word_1_187' title='bbox 361 3241 488 3306; x_wconf 74' lang='lat' dir='ltr'><strong>valeant,</strong></span> <span class='ocrx_word' id='word_1_188' title='bbox 504 3242 559 3297; x_wconf 62' lang='lat' dir='ltr'><strong>etc}</strong></span> <span class='ocrx_word' id='word_1_189' title='bbox 576 3262 606 3315; x_wconf 84' lang='lat'><strong>¹7</strong></span> <span class='ocrx_word' id='word_1_190' title='bbox 622 3243 778 3299; x_wconf 72' lang='lat' dir='ltr'><strong>Clunosum</strong></span> <span class='ocrx_word' id='word_1_191' title='bbox 814 3260 908 3295; x_wconf 88' lang='lat' dir='ltr'><strong>eorum</strong></span> <span class='ocrx_word' id='word_1_192' title='bbox 920 3244 983 3295; x_wconf 83' lang='lat' dir='ltr'><strong>¹vota</strong></span> <span class='ocrx_word' id='word_1_193' title='bbox 995 3236 1096 3296; x_wconf 77' lang='lat' dir='ltr'><strong>audian</strong></span> 
     </span>
    </p>

    <p class='ocr_par' dir='ltr' id='par_1_10' title="bbox 209 3321 1371 3492">
     <span class='ocr_line' id='line_1_25' title="bbox 210 3321 1371 3411; baseline -0.001 -25"><span class='ocrx_word' id='word_1_194' title='bbox 210 3321 396 3392; x_wconf 63' lang='lat' dir='ltr'><strong>Cflssssidicums</strong></span> <span class='ocrx_word' id='word_1_195' title='bbox 411 3322 456 3379; x_wconf 52' lang='lat'><strong>*¹0¹</strong></span> <span class='ocrx_word' id='word_1_196' title='bbox 469 3322 663 3401; x_wconf 76' lang='lat' dir='ltr'><strong>Philosophum</strong></span> <span class='ocrx_word' id='word_1_197' title='bbox 679 3344 778 3400; x_wconf 84' lang='lat' dir='ltr'><strong>quem-</strong></span> <span class='ocrx_word' id='word_1_198' title='bbox 849 3335 884 3390; x_wconf 74' lang='lat'><strong>25</strong></span> <span class='ocrx_word' id='word_1_199' title='bbox 901 3336 939 3391; x_wconf 92' lang='lat' dir='ltr'><strong>Ut</strong></span> <span class='ocrx_word' id='word_1_200' title='bbox 953 3337 1000 3411; x_wconf 87' lang='lat' dir='ltr'><strong>qui</strong></span> <span class='ocrx_word' id='word_1_201' title='bbox 1017 3354 1059 3392; x_wconf 88' lang='lat' dir='ltr'><strong>res</strong></span> <span class='ocrx_word' id='word_1_202' title='bbox 1071 3333 1204 3411; x_wconf 71' lang='lat' dir='ltr'><strong>joculares</strong></span> <span class='ocrx_word' id='word_1_203' title='bbox 1220 3351 1249 3390; x_wconf 88' lang='lat' dir='ltr'><strong>et</strong></span> <span class='ocrx_word' id='word_1_204' title='bbox 1261 3333 1371 3391; x_wconf 73' lang='lat' dir='ltr'><strong>ludicras</strong></span> 
     </span>
     <span class='ocr_line' id='line_1_26' title="bbox 209 3403 1371 3492; baseline -0.003 -18"><span class='ocrx_word' id='word_1_205' title='bbox 209 3403 295 3474; x_wconf 67' lang='grc'><strong>(32222,</strong></span> <span class='ocrx_word' id='word_1_206' title='bbox 309 3406 450 3480; x_wconf 60' lang='grc'><strong>(1213333202</strong></span> <span class='ocrx_word' id='word_1_207' title='bbox 466 3404 569 3482; x_wconf 59' lang='grc' dir='ltr'><strong>2332111οῑ</strong></span> <span class='ocrx_word' id='word_1_208' title='bbox 584 3411 779 3482; x_wconf 67' lang='lat' dir='ltr'><strong>comeripsserflt</strong></span> <span class='ocrx_word' id='word_1_209' title='bbox 811 3421 952 3492; x_wconf 84' lang='lat' dir='ltr'><strong>percurrit.</strong></span> <span class='ocrx_word' id='word_1_210' title='bbox 971 3419 1007 3474; x_wconf 78' lang='lat'><strong>26</strong></span> <span class='ocrx_word' id='word_1_211' title='bbox 1024 3414 1124 3477; x_wconf 76' lang='lat' dir='ltr'><strong>Ridere</strong></span> <span class='ocrx_word' id='word_1_212' title='bbox 1140 3434 1168 3473; x_wconf 91' lang='lat' dir='ltr'><strong>et</strong></span> <span class='ocrx_word' id='word_1_213' title='bbox 1179 3437 1275 3473; x_wconf 87' lang='lat' dir='ltr'><strong>rerum</strong></span> <span class='ocrx_word' id='word_1_214' title='bbox 1287 3417 1371 3472; x_wconf 84' lang='lat' dir='ltr'><strong>dicere</strong></span> 
     </span>
    </p>
   </div>
   <div class='ocr_carea' id='block_1_6' title="bbox 186 3489 1372 3642">
    <p class='ocr_par' dir='ltr' id='par_1_11' title="bbox 186 3489 1372 3642">
     <span class='ocr_line' id='line_1_27' title="bbox 186 3489 1372 3579; baseline 0.007 -32"><span class='ocrx_word' id='word_1_215' title='bbox 186 3557 189 3564; x_wconf 30' lang='lat'>¹</span> <span class='ocrx_word' id='word_1_216' title='bbox 201 3491 275 3542; x_wconf 60' lang='lat' dir='ltr'><strong>*stit</strong></span> <span class='ocrx_word' id='word_1_217' title='bbox 285 3489 421 3549; x_wconf 76' lang='lat' dir='ltr'><strong>verbosas.</strong></span> <span class='ocrx_word' id='word_1_218' title='bbox 440 3491 474 3544; x_wconf 79' lang='lat'><strong>18</strong></span> <span class='ocrx_word' id='word_1_219' title='bbox 485 3492 530 3545; x_wconf 87' lang='lat' dir='ltr'><strong>Tu</strong></span> <span class='ocrx_word' id='word_1_220' title='bbox 542 3490 625 3545; x_wconf 88' lang='lat' dir='ltr'><strong>modo</strong></span> <span class='ocrx_word' id='word_1_221' title='bbox 636 3493 775 3577; x_wconf 72' lang='lat' dir='ltr'><strong>iuriscon·</strong></span> <span class='ocrx_word' id='word_1_222' title='bbox 812 3500 877 3579; x_wconf 90' lang='lat' dir='ltr'><strong>quid</strong></span> <span class='ocrx_word' id='word_1_223' title='bbox 890 3503 984 3558; x_wconf 77' lang='lat' dir='ltr'><strong>vetati</strong></span> <span class='ocrx_word' id='word_1_224' title='bbox 996 3522 1030 3577; x_wconf 76' lang='lat'><strong>27</strong></span> <span class='ocrx_word' id='word_1_225' title='bbox 1043 3490 1191 3569; x_wconf 74' lang='lat' dir='ltr'><strong>Interdum.</strong></span> <span class='ocrx_word' id='word_1_226' title='bbox 1210 3501 1246 3555; x_wconf 77' lang='lat'><strong>28</strong></span> <span class='ocrx_word' id='word_1_227' title='bbox 1258 3500 1372 3556; x_wconf 81' lang='lat' dir='ltr'><strong>Placen·</strong></span> 
     </span>
     <span class='ocr_line' id='line_1_28' title="bbox 205 3570 1086 3642; baseline 0.023 -18"><span class='ocrx_word' id='word_1_228' title='bbox 205 3570 317 3642; x_wconf 71' lang='lat' dir='ltr'><strong>sulcus,</strong></span> <span class='ocrx_word' id='word_1_229' title='bbox 335 3573 388 3627; x_wconf 83' lang='lat' dir='ltr'><strong>eris</strong></span> <span class='ocrx_word' id='word_1_230' title='bbox 401 3575 527 3628; x_wconf 84' lang='lat' dir='ltr'><strong>rusticus.</strong></span> <span class='ocrx_word' id='word_1_231' title='bbox 812 3583 891 3641; x_wconf 80' lang='lat' dir='ltr'><strong>tuias.</strong></span> <span class='ocrx_word' id='word_1_232' title='bbox 1084 3576 1086 3581; x_wconf 68' lang='lat'>,</span> 
     </span>
    </p>
   </div>
   <div class='ocr_carea' id='block_1_7' title="bbox 209 3654 1375 3941">
    <p class='ocr_par' dir='ltr' id='par_1_12' title="bbox 209 3654 1375 3941">
     <span class='ocr_line' id='line_1_29' title="bbox 246 3654 1375 3759; baseline -0.004 -22"><span class='ocrx_word' id='word_1_233' title='bbox 246 3698 283 3751; x_wconf 77' lang='lat'><strong>¹9</strong></span> <span class='ocrx_word' id='word_1_234' title='bbox 304 3675 392 3743; x_wconf 69' lang='lat' dir='ltr'><strong>ubire</strong></span> <span class='ocrx_word' id='word_1_235' title='bbox 418 3700 453 3739; x_wconf 78' lang='lat' dir='ltr'><strong>ro</strong></span> <span class='ocrx_word' id='word_1_236' title='bbox 474 3679 687 3741; x_wconf 60' lang='lat' dir='ltr'><strong>conditionis·</strong></span> <span class='ocrx_word' id='word_1_237' title='bbox 714 3654 776 3743; x_wconf 78' lang='lat' dir='ltr'><strong>vite</strong></span> <span class='ocrx_word' id='word_1_238' title='bbox 847 3699 883 3755; x_wconf 81' lang='lat'><strong>²9</strong></span> <span class='ocrx_word' id='word_1_239' title='bbox 899 3680 1033 3757; x_wconf 57' lang='lat' dir='ltr'><strong>Agricola</strong></span> <span class='ocrx_word' id='word_1_240' title='bbox 1057 3682 1093 3736; x_wconf 76' lang='lat'><strong>30</strong></span> <span class='ocrx_word' id='word_1_241' title='bbox 1104 3683 1199 3759; x_wconf 85' lang='lat' dir='ltr'><strong>Crupo</strong></span> <span class='ocrx_word' id='word_1_242' title='bbox 1210 3722 1218 3750; x_wconf 86' lang='lat'>‚</span> <span class='ocrx_word' id='word_1_243' title='bbox 1231 3682 1279 3756; x_wconf 84' lang='lat' dir='ltr'><strong>qui</strong></span> <span class='ocrx_word' id='word_1_244' title='bbox 1290 3678 1375 3735; x_wconf 74' lang='lat' dir='ltr'><strong>multa</strong></span> 
     </span>
     <span class='ocr_line' id='line_1_30' title="bbox 209 3763 1369 3840; baseline -0.001 -23"><span class='ocrx_word' id='word_1_245' title='bbox 209 3763 330 3819; x_wconf 76' lang='lat' dir='ltr'><strong>mutatis.</strong></span> <span class='ocrx_word' id='word_1_246' title='bbox 809 3765 909 3838; x_wconf 81' lang='lat' dir='ltr'><strong>perfide</strong></span> <span class='ocrx_word' id='word_1_247' title='bbox 922 3768 1087 3840; x_wconf 84' lang='lat' dir='ltr'><strong>perquisivit.</strong></span> <span class='ocrx_word' id='word_1_248' title='bbox 1105 3767 1137 3821; x_wconf 67' lang='grc' dir='ltr'><strong>δι</strong></span> <span class='ocrx_word' id='word_1_249' title='bbox 1152 3770 1184 3822; x_wconf 88' lang='lat' dir='ltr'><strong>ln</strong></span> <span class='ocrx_word' id='word_1_250' title='bbox 1194 3767 1269 3822; x_wconf 85' lang='lat' dir='ltr'><strong>huuc</strong></span> <span class='ocrx_word' id='word_1_251' title='bbox 1281 3766 1369 3820; x_wconf 65' lang='lat' dir='ltr'><strong>finan</strong></span> 
     </span>
     <span class='ocr_line' id='line_1_31' title="bbox 247 3849 1372 3941; baseline -0.007 -31"><span class='ocrx_word' id='word_1_252' title='bbox 247 3872 279 3910; x_wconf 75' lang='lat' dir='ltr'><strong>ar</strong></span> <span class='ocrx_word' id='word_1_253' title='bbox 305 3857 362 3916; x_wconf 80' lang='lat' dir='ltr'><strong>Cur</strong></span> <span class='ocrx_word' id='word_1_254' title='bbox 381 3879 439 3918; x_wconf 69' lang='lat' dir='ltr'><strong>non</strong></span> <span class='ocrx_word' id='word_1_255' title='bbox 457 3858 623 3917; x_wconf 54' lang='lat' dir='ltr'><strong>disceditis?</strong></span> <span class='ocrx_word' id='word_1_256' title='bbox 646 3880 687 3941; x_wconf 59' lang='lat'><strong>²².</strong></span> <span class='ocrx_word' id='word_1_257' title='bbox 708 3862 775 3921; x_wconf 64' lang='lat' dir='ltr'><strong>Non</strong></span> <span class='ocrx_word' id='word_1_258' title='bbox 810 3849 845 3903; x_wconf 78' lang='lat'><strong>32</strong></span> <span class='ocrx_word' id='word_1_259' title='bbox 858 3850 896 3904; x_wconf 90' lang='lat' dir='ltr'><strong>Ut</strong></span> <span class='ocrx_word' id='word_1_260' title='bbox 908 3869 985 3905; x_wconf 89' lang='lat' dir='ltr'><strong>serres</strong></span> <span class='ocrx_word' id='word_1_261' title='bbox 1000 3852 1114 3905; x_wconf 79' lang='lat' dir='ltr'><strong>otiosam</strong></span> <span class='ocrx_word' id='word_1_262' title='bbox 1126 3853 1212 3908; x_wconf 74' lang='lat' dir='ltr'><strong>vitam</strong></span> <span class='ocrx_word' id='word_1_263' title='bbox 1223 3849 1372 3915; x_wconf 50' lang='lat' dir='ltr'><strong>deducent„</strong></span> 
     </span>
    </p>
   </div>
   <div class='ocr_carea' id='block_1_8' title="bbox 204 3945 1167 4025">
    <p class='ocr_par' dir='ltr' id='par_1_13' title="bbox 204 3945 1167 4025">
     <span class='ocr_line' id='line_1_32' title="bbox 204 3945 1167 4025; baseline -0.005 -15"><span class='ocrx_word' id='word_1_264' title='bbox 204 3947 330 4015; x_wconf 58' lang='lat' dir='ltr'><strong>imum:</strong></span> <span class='ocrx_word' id='word_1_265' title='bbox 506 3962 508 3967; x_wconf 81' lang='grc'>’</span> <span class='ocrx_word' id='word_1_266' title='bbox 844 3945 1028 4007; x_wconf 61' lang='lat' dir='ltr'><strong>ctutum</strong></span> <span class='ocrx_word' id='word_1_267' title='bbox 1041 3946 1167 4025; x_wconf 65' lang='lat' dir='ltr'><strong>collecta·¹</strong></span> 
     </span>
    </p>
   </div>
   <div class='ocr_carea' id='block_1_9' title="bbox 0 0 1428 4750">
    <p class='ocr_par' dir='ltr' id='par_1_14' title="bbox 0 0 1428 4750">
     <span class='ocr_line' id='line_1_33' title="bbox 0 0 1428 4750; baseline 0 0"><span class='ocrx_word' id='word_1_268' title='bbox 0 0 1428 4750; x_wconf 95' lang='lat' dir='ltr'><strong> </strong></span> 
     </span>
    </p>
   </div>
  </div>
 </body>
</html>
