2842 4750
344 346 681 403 csnnruuu
732 349 844 406 ure.
897 351 954 408 11.
1067 382 1070 387 »
1171 350 1218 427 71

155 480 349 574 Flumen,
374 498 392 550 9
420 498 457 558 et
479 500 641 586 regnata
665 499 797 587 petam
819 484 968 561 Laconi

301 608 411 684 Rura
435 607 639 686 Phalanto.

81 708 101 733 “
157 731 233 808 Ille
255 748 446 810 terrarum
467 733 568 810 mihi
590 749 730 837 praeter
751 763 885 813 omnes

158 858 339 962 Angulus
359 875 392 911 ¹⁰
414 859 515 936 ridet
532 875 558 954 ‚'
576 859 643 936 ubi
665 889 742 937 non
765 876 795 911 1¹
820 863 1008 965 Hymetto

156 982 283 1061 Mella
305 983 520 1078 decedunt,
545 983 742 1089 viridique
767 1001 890 1063 certat

301 1126 334 1163 ¹²
356 1113 486 1189 Bacca
506 1114 709 1194 Venafro:

155 1240 243 1318 Ver
262 1240 332 1316 ubi
351 1240 539 1345 longum,
562 1243 791 1345 tepidasque
814 1240 960 1345 praebet

158 1364 193 1416 13
211 1364 367 1467 Jupiter
387 1364 571 1458 brumas,
595 1382 633 1442 et
656 1365 808 1442 amicus
827 1381 859 1431 ¹4
881 1366 1039 1458 Aulon,

155 1488 294 1565 Fertili
316 1489 474 1566 Baccho
497 1490 708 1567 minimum
728 1490 904 1568 Falernis

304 1606 467 1695 'Invidet
488 1621 586 1697 uvis.
665 1608 668 1615 ¹

157 1741 191 1792 ¹⁵
213 1740 286 1816 Ille
309 1758 347 1817 te
372 1770 532 1819 mecum
551 1741 682 1836 locus,
708 1760 748 1820 et
768 1745 801 1794 1⁶
824 1741 952 1820 beatae

155 1865 357 1943 Postulant
378 1894 486 1943 arces
508 1900 517 1944 :
541 1884 574 1935 Ι7
596 1868 654 1943 ibi
675 1883 717 1943 tu
739 1867 931 1944 calentem

158 1988 194 2041 ¹3
215 1989 362 2067 Debita
389 2020 542 2097 sparges
564 1993 743 2099 lacryma
765 1993 946 2074 favillam

310 2098 344 2187 ³9
368 2121 483 2201 Vatis
503 2123 635 2203 amici.

46 2301 191 2359 Calabriae
214 2303 325 2357 fluvium
352 2305 428 2377 juxta
452 2305 620 2374 Tarentum,
655 2320 697 2361 ter
718 2306 869 2363 bonitatem
894 2307 1036 2363 contendit
1058 2326 1120 2362 cum
1148 2306 1219 2361 oliva

48 2387 103 2441 ubi
113 2407 178 2442 oves
188 2387 246 2441 aliis
256 2387 370 2461 pellibus
380 2403 556 2463 praeterquam
566 2394 620 2445 suis
655 2413 713 2468 quae
720 2395 804 2446 oritur
811 2396 841 2447 in
848 2392 981 2459 Venafro,
992 2390 1090 2466 oppido
1100 2394 1129 2445 in
1139 2392 1218 2447 Cam-

45 2486 119 2525 aunt
154 2487 284 2545 coopertae
306 2487 413 2545 propter
439 2463 620 2529 eicellentem
654 2479 741 2551 paniae
758 2476 847 2532 littore
866 2480 927 2532 sito.
949 2476 1061 2551 rbder.
1083 2485 1112 2542 r4
1128 2473 1218 2528 Aulon

45 2555 126 2611 lane
145 2554 317 2623 bonitatem,
333 2574 368 2609 ne
387 2574 433 2609 sua
451 2555 552 2612 vellera
571 2561 618 2612 in·
654 2581 733 2616 mons
743 2576 782 2616 est
790 2563 909 2615 Tarento
919 2561 1040 2627 vicinus,
1051 2559 1140 2625 ferax,
1156 2557 1216 2612 ler-

43 2641 202 2715 quinentur
219 2637 255 2693 ad
272 2641 395 2694 tincturte
410 2657 616 2697 nocumentum.
653 2645 708 2699 tilis
723 2648 801 2712 uvis,
818 2646 893 2716 cujus
908 2661 960 2697 uva
979 2662 1035 2696 non
1050 2640 1169 2708 invidet,
1187 2639 1218 2694 id

44 2738 70 2795 9
81 2724 119 2776 Et
128 2720 208 2776 adibo
219 2723 383 2789 Tarentum,
395 2723 487 2797 inquo
496 2726 619 2797 regnavit
653 2743 710 2793 est,
725 2747 782 2782 non
791 2726 867 2783 cedit
875 2745 964 2801 neque
975 2741 1017 2781 est
1030 2723 1147 2780 deterior
1158 2726 1218 2779 uris

42 2804 201 2859 Phalantus
218 2802 459 2873 Lacaedemonius,
475 2826 528 2880 quo
549 2805 617 2861 duce
651 2809 780 2866 Falernis.

43 2891 178 2943 Lacones
194 2886 328 2962 Apollinis
343 2887 451 2942 oraculo
468 2890 616 2945 Tarentum
691 2895 723 2947 15
737 2894 787 2949 llle
802 2894 893 2963 loeus,
905 2893 952 2949 ubi
965 2893 1024 2950 haec
1038 2894 1130 2948 omnia
1142 2905 1217 2945 sunt.¹

41 2969 242 3026 condiderunt.
655 2978 687 3032 ¹6
698 2979 789 3035 Beatee
801 2996 891 3042 arces,
905 2977 936 3031 id
948 2992 1003 3050 est,
1016 2974 1117 3044 fertiles
1129 2992 1215 3028 mon-

92 3074 124 3108 10
147 3053 273 3118 Atrida>
287 3052 386 3128 Placet·
413 3053 616 3109 ¹1Ubimella
649 3077 698 3116 tes.
715 3061 925 3135 r7lbitu‚mihi
938 3059 1215 3134 mortuo,iustaper-

41 3156 109 3193 non
129 3134 197 3191 dant
211 3136 319 3203 locum,
337 3136 367 3191 id
386 3150 443 3204 est,
468 3136 515 3190 ubi
533 3138 615 3193 mella
650 3145 745 3201 solves.
758 3141 888 3199 Fauillam
900 3140 1153 3209 calentem‚idest,
1166 3142 1215 3205 ci-¹

39 3241 107 3276 non
123 3237 188 3275 sunt
208 3220 342 3275 deteriora
358 3219 440 3274 melle
458 3224 614 3276 suavissimo
649 3246 728 3281 neres
744 3247 817 3281 meos
831 3226 956 3300 lacrymis
971 3243 1159 3299 conspergens.

38 3304 121 3379 quod
131 3304 262 3377 colligunt
270 3305 370 3377 apesin
380 3303 510 3376 Hymetto
518 3305 614 3360 Atticae
688 3311 720 3362 18
735 3313 867 3384 Lacryma
878 3308 969 3364 debita
977 3323 1085 3382 propter
1093 3322 1212 3364 nostram

37 3403 158 3453 monte,
175 3387 271 3461 thymo
284 3386 396 3460 aliisque
408 3386 500 3441 herbis
516 3385 613 3440 odori-
649 3395 806 3449 amicitiam.
830 3413 862 3469 ¹9
877 3395 931 3447 Tui
949 3393 1066 3447 Horatii.
1099 3392 1103 3397 ’

36 3471 108 3527 feris
118 3471 288 3529 abundante.
306 3488 337 3532 ια
348 3472 385 3525 Et
394 3470 441 3526 ubi
451 3470 523 3526 oliva
531 3490 617 3545 prop-

407 3771 847 3806 mmm
