2842 4750
340 329 679 386 ¹sunit-ouum
730 330 840 389 trn.
892 301 947 388 rr.
1151 308 1231 388 315

51 441 204 538 Insano
216 456 246 507 ⁶¹
260 482 431 558 posuere.
445 456 479 506 ⁶²
495 454 618 533 Velut
630 454 759 547 silvis,
772 454 841 530 ubi
857 455 999 557 passim

51 584 91 635 63
107 583 291 660 Palantes
309 610 414 661 error
426 584 461 650 64
477 598 582 671 certo
601 584 649 659 de
666 584 822 661 tramite
838 583 970 689 pellit,

51 708 134 785 Ille
149 709 427 803 sinistrorsum,
443 707 509 783 hic
524 708 763 788 dextrorsum
776 709 859 789 abit
872 743 882 788 ι
897 737 997 786 unus
1009 709 1166 814 utrique

52 832 91 882 ⁶⁵
104 832 243 926 Error,
255 833 289 883 ⁶⁶
301 832 369 908 sed
383 831 501 909 variis
514 832 647 909 illudit
658 832 844 936 portibus.
857 835 943 910 Hoc
958 852 998 909 te

51 957 189 1033 Crede
207 956 322 1034 modo
336 954 534 1052 insanum,
546 957 672 1036 nihilo
686 975 729 1042 ut
740 956 950 1063 sapientior
963 958 1054 1052 ille,

52 1082 144 1183 Qui
158 1098 196 1158 te
212 1081 383 1178 deridet,
394 1084 429 1150 ⁶7
442 1084 610 1159 caudam
622 1083 765 1161 trahat.
780 1084 848 1160 Est
859 1112 981 1187 genus
992 1113 1116 1161 unum

53 1206 320 1299 Stultitiae,⁶8
336 1207 508 1285 nihilum
523 1209 735 1286 metuende
751 1208 943 1303 timentis,
958 1226 1002 1287 ut
1017 1211 1149 1316 ignes,

54 1337 118 1411 Ut
137 1363 272 1438 rupes,
289 1336 506 1442 fluviosque
523 1340 556 1407 ⁶9
571 1339 614 1415 in
632 1364 770 1442 campo
786 1336 939 1414 obstare
956 1354 1172 1442 queretur„
1216 1347 1220 1356 ’

18 1451 20 1455 ’
52 1460 249 1562 Alterum
266 1477 304 1537 et
321 1461 416 1539 huic
427 1480 462 1531 70
474 1464 648 1557 varium,
663 1480 703 1540 et
714 1462 840 1540 nihilo
854 1460 1087 1566 sapientius,
1096 1462 1211 1565 ignes

53 1588 142 1663 Per
158 1585 324 1678 medios,
340 1585 557 1691 fluviosque
573 1587 731 1665 ruentis.
749 1585 900 1673 Clamet
918 1586 1049 1662 amica

52 1711 218 1801 Mater,
235 1708 396 1787 honesta
412 1739 537 1803 soror,
554 1740 646 1814 oum
662 1705 858 1818 cognatis,
875 1727 1007 1813 pater,
1023 1734 1142 1786 uxor:

54 1833 142 1909 Hic
161 1832 259 1910 fossa
275 1850 331 1911 est
346 1835 500 1939 ingens!
519 1836 585 1913 hio
599 1864 715 1941 rupes
731 1836 927 1915 maxima!
946 1853 976 1906 7Ι
996 1841 1130 1914 serva!

55 1960 154 2035 Non
168 1941 295 2061 magis
311 1960 501 2054 audierit,
517 1989 637 2065 quam
652 1976 686 2031 7²
702 1961 843 2039 Fusius
860 1959 990 2039 obrius
1007 1959 1126 2050 olim,

55 2088 166 2164 Cum
181 2084 350 2164 Ilionam
363 2088 552 2183 edormit,
568 2088 604 2157 73
617 2089 789 2168 Catienis
803 2089 912 2166 mille
931 2086 1130 2178 ducentis,

54 2215 204 2320 Mater
212 2269 225 2302 ,
249 2235 289 2290 ce
308 2216 464 2315 appello
477 2245 497 2305 ,·
513 2213 783 2292 clamantibus.
801 2194 878 2291 Hic
896 2242 968 2319 ego
983 2212 1123 2315 vulgus

56 2320 197 2417 Errori
214 2338 385 2417 similem
402 2357 587 2418 cunctum
604 2357 639 2410 74
656 2341 826 2421 insanire
846 2339 1006 2420 docebo.
1098 2440 1100 2445 y

54 2462 213 2543 Insanit
229 2481 380 2543 veteres
396 2480 541 2543 statuas
554 2466 814 2570 Damasippus
827 2466 1016 2543 emendo:

54 2587 219 2694 Integer
234 2606 289 2667 est
304 2591 446 2668 mentis
461 2591 692 2695 Damasippi
708 2589 955 2699 uenditor?
973 2589 1086 2666 Esto:
1175 2678 1177 2681 ,

55 2717 215 2819 Accipe
232 2715 337 2817 quod
354 2745 557 2820 nunquam
574 2716 713 2801 reddas
730 2715 854 2806 mihi,
869 2715 900 2791 si
918 2708 992 2790 tibi
1012 2714 1166 2804 dicam,

58 2840 178 2917 Tune
195 2837 353 2915 insanus
370 2838 464 2933 eris,
478 2838 510 2917 si
530 2840 751 2945 acceperis?
767 2870 818 2917 an
832 2840 957 2944 magis
975 2841 1010 2906 76
1027 2864 1179 2928 excors,
1262 2935 1263 2938 ¹

58 2982 93 3034 77
107 2963 275 3063 Reiecta
290 2964 443 3067 prinda,
460 2995 578 3071 quarn
593 2995 756 3071 praesens
773 2967 991 3045 Mercurius
1006 2965 1104 3077 lert?

93 3148 129 3203 6ι
143 3150 310 3222 Imposuere.
663 3170 698 3204 va
719 3167 770 3218 te,
790 3149 841 3205 tibi
861 3169 937 3204 cave.
971 3166 1006 3221 72
1029 3149 1122 3202 Fusius
1144 3145 1231 3203 Actori

95 3234 133 3287 62
143 3232 384 3305 Quemadmodum
397 3236 428 3289 in
435 3233 517 3290 silvis.
525 3233 561 3289 63
569 3238 630 3290 Ve-
647 3221 652 3230 ¹
664 3235 794 3307 Tragicos
803 3233 945 3287 Hecubam
954 3251 1035 3305 agens
1044 3230 1058 3304 (
1064 3252 1122 3305 qua
1131 3229 1178 3285 hic
1191 3231 1228 3285 ab

64 3333 166 3389 gantos.
176 3318 373 3384 64Aviarecta
381 3317 499 3374 abducit.
509 3318 544 3373 65
552 3321 630 3375 Unus
664 3319 779 3372 Horatio
790 3316 875 3371 lliono
887 3319 1042 3370 nominatur
1051 3314 1064 3387 )
1072 3334 1135 3370 cum
1148 3333 1226 3367 som-

65 3415 182 3455 esterror
193 3401 413 3475 utrique.665ed
421 3421 494 3457 error
502 3401 629 3476 illaquaei
664 3422 732 3457 num
740 3400 864 3467 simulare
875 3400 1000 3467 deberet,
1012 3403 1080 3455 serio
1089 3399 1228 3462 dormivit,

67 3476 230 3543 ludibundus
238 3485 355 3540 inmite
365 3500 485 3541 versetur
493 3485 628 3559 partibus,
664 3487 730 3540 vino
741 3485 860 3541 obrutus.
874 3484 909 3556 73
922 3485 1050 3557 Catienus
1059 3485 1168 3546 histrio,
1178 3486 1226 3553 qui

68 3575 160 3635 utputa
170 3564 266 3621 dextra
279 3583 309 3622 et
320 3569 435 3623 sinistra.
663 3568 788 3642 Polydori
798 3585 886 3644 partes
896 3587 990 3643 agens,
999 3566 1058 3622 haec
1068 3567 1149 3620 verbu
1160 3581 1226 3616 me-

100 3645 135 3715 67
144 3647 186 3700 Sit
194 3648 305 3703 stolidus
314 3665 342 3706 et
350 3650 460 3719 stultus,
471 3652 546 3724 cujus
553 3665 628 3724 tergo
664 3673 717 3726 gno
730 3651 848 3708 clamore
863 3652 1042 3727 loquebatur:
1062 3652 1179 3714 Mater,
1199 3660 1230 3699 ce

65 3727 629 3809 caudaonimentieperderisiorremappem
663 3740 793 3810 appello..

66 3807 156 3864 ⁶⁸⁶¹?-
232 3852 235 3856 Δ
699 3820 884 3893 74Emendo,
902 3815 1064 3878 vendendo,
1077 3810 1230 3876 credendos¹

101 3892 175 3948 68111
182 3897 277 3971 quibus
288 3901 357 3956 nihil
370 3918 410 3958 est
419 3904 541 3978 periculi.
550 3904 627 3977 69111
663 3904 697 3976 75
705 3905 762 3975 Qui
768 3906 926 3976 Damasippi
934 3901 996 3955 fidei
1006 3897 1097 3952 credat
1106 3897 1118 3948 l
1127 3894 1162 3966 76
1172 3895 1225 3946 In-

65 3971 189 4049 planitie.
201 3983 318 4057 po-Huic
331 3990 504 4048 sonnatium.
515 4008 547 4062 7¹
563 3987 628 4048 Ser·
662 4006 750 4046 senus.
759 4006 794 4068 77
800 3990 887 4043 Lucro
896 3978 1227 4057 reptttlitttt›‚qttodaequus¹
