2842 4750
78 315 618 505 Buuuvoto
675 319 1140 443 Lsosoffl.
1208 405 1212 413 .

385 601 824 630 mmm

27 719 191 850 CUM
200 767 415 854 Juveuattis
426 777 650 852 erudienda
660 801 801 851 munus
813 783 1042 851 sustinerem
1054 777 1074 876 (
1080 781 1189 878 quod

26 881 170 976 saxum
187 903 293 979 volti
314 908 465 1002 uiginti
483 928 611 995 annos
632 902 891 1005 etamplius)
914 906 1018 977 milti
1033 929 1193 1001 semper·

26 1029 70 1098 in
89 1054 196 1101 more
207 1027 493 1126 positumfuit,
509 1029 684 1101 candide
699 1027 866 1116 Lector,
889 1029 1197 1102 Annotationes'

31 1156 245 1254 quasdam,
271 1180 342 1229 seu
364 1155 517 1229 scholia
543 1155 613 1254 (si
636 1159 700 1230 sic
722 1132 853 1255 magis
878 1156 1070 1256 appellari
1090 1156 1184 1257 pla·

36 1277 153 1376 teat)
186 1279 391 1379 discipulis
421 1283 521 1376 meis
552 1279 737 1369 tradere,
772 1286 817 1353 in
845 1288 934 1352 eum
951 1282 1110 1381 finem,
1141 1298 1190 1355 ut

33 1411 180 1507 scriptis
206 1410 416 1485 commissa
451 1437 540 1506 quoe
572 1409 690 1483 verbo
720 1408 992 1508 protuleram,
1024 1407 1185 1480 altiores

32 1537 71 1603 in
85 1519 221 1606 eorum
236 1536 383 1607 animis
403 1533 558 1608 radices
577 1551 739 1633 agerent
756 1551 873 1634 atque
879 1535 1042 1634 firmius
1060 1531 1183 1605 inlue-

30 1674 164 1732 rerent.
190 1654 301 1730 Hinc
310 1654 470 1754 factum
486 1670 567 1747 est,
591 1660 637 1729 ut
648 1661 870 1735 amicorum,
889 1654 1067 1755 aliquot,
1094 1679 1185 1727 cum

30 1780 109 1856 hoec
131 1781 286 1889 scholia
309 1789 356 1857 in
382 1783 620 1875 Horatium,
646 1790 883 1885 nescioquo
911 1810 1032 1872 casu,
1057 1785 1183 1856 vidis·

29 1924 110 2011 sent
117 1963 131 1997 ‚
148 1912 220 1981 *me
238 1911 385 1983 iterum
400 1924 517 2012 atque
538 1914 678 1983 itemm
694 1926 901 2009 rogarent,
927 1925 974 1982 ut
990 1913 1034 1982 in
1051 1908 1183 2007 publi·

28 2059 113 2104 eum
135 2039 374 2124 emitterem,
401 2062 489 2137 quoe
515 2037 623 2109 domi
646 2041 751 2110 inter
772 2025 965 2110 chartulas
982 2035 1060 2127 ,diu
1089 2033 1181 2107 lati-

26 2155 163 2235 tdrant.
208 2156 499 2233 'Persuaserunt
538 2152 735 2247 umdem,
777 2165 967 2259 quamuis
1005 2164 1180 2256 primum

20 2293 279 2395 pertinaciter
310 2289 418 2363 ibam
449 2290 635 2392 inficias,
681 2288 791 2360 ltaud
820 2293 982 2387 ignarus
1021 2285 1186 2357 Momos

25 2414 120 2488 mitt
144 2443 225 2490 non
254 2414 486 2514 defuturos,
517 2421 589 2516 qui
620 2413 884 2500 benedicta,
921 2416 1081 2483 sinistra
1116 2412 1178 2479 in·

24 2550 292 2642 terpretatione
318 2555 507 2619 notarent.
539 2544 658 2643 Quod
678 2553 805 2642 genus
830 2540 1061 2627 hominum,
1092 2562 1184 2610 cum

26 2672 156 2768 injusti
179 2673 262 2744 siut
286 2695 414 2744 rerum
430 2672 732 2760 'astimatores‚
764 2665 960 2739 debebant
992 2669 1009 2737 i
1070 2666 1180 2760 cogi·

25 2793 136 2883 tare,
173 2796 282 2897 quod
318 2792 531 2903 akGroecis
562 2794 866 2893 prudentissime
905 2791 1053 2863 dictum
1088 2804 1180 2871 est,
1262 2816 1264 2819 ’
1376 2817 1379 2824 ’

24 2915 160 3007 dominice
178 2932 226 3007 μὶν
242 2921 333 3011 >p‘k'ltor
353 2925 438 3000 stunt,
465 2920 598 3006 μιμιιθαι
620 2933 638 2987 t
662 2924 805 3007 miscuit,
827 2914 1071 3014 facillimum
1097 2936 1181 2985 esse

24 3051 196 3125 alienum
220 3077 316 3149 opus
340 3027 641 3149 reprehendere,
667 3051 741 3123 sed
762 3075 844 3122 non
867 3046 1037 3148 perinde·
1048 3042 1180 3143 facile

23 3175 176 3275 aliquid
209 3175 342 3249 simile
370 3194 444 3248 aut
468 3180 720 3274 praestantius
752 3176 952 3275 conficere.
985 3171 1181 3269 Agnosco

24 3300 153 3377 lubens
178 3330 241 3377 me
263 3302 368 3376 nihil
388 3309 533 3402 magni
553 3321 632 3377 aut
642 3307 787 3390 eximii
805 3309 849 3377 in
869 3303 959 3398 ,litto
984 3328 1026 3374 re
1054 3325 1181 3400 prusa
1212 3398 1215 3402 .

23 3434 151 3548 titisse.
184 3427 288 3524 Hoc
307 3445 465 3516 tamen,
490 3426 636 3536 Lector
655 3425 866 3517 benevole,
886 3454 960 3528 pro
987 3417 1090 3500 certo
1118 3413 1180 3499 in·

24 3558 166 3650 venies,
179 3580 242 3625 me
254 3552 405 3628 nullam
422 3553 659 3643 dictionem,
673 3555 849 3653 plrmsim
865 3570 936 3628 aut
946 3558 1179 3626 seutentiam

24 3663 216 3753 intellectu
239 3677 445 3780 difficilem
463 3706 537 3779 per
558 3697 678 3752 totum
699 3678 809 3753 hunc
834 3680 1054 3754 Auctorem
1075 3699 1178 3777 μνω-

25 3810 165 3877 teriisse
172 3860 186 3893 ,
205 3809 305 3904 quin
317 3830 423 3893 eam,
438 3832 516 3906 qua
529 3804 675 3881 licebat
686 3805 889 3895 brevitate,
901 3803 1184 3904 explicuerim-‚2

22 3933 309 4038 explanaverim
320 3987 333 4023 ,
346 3930 595 4043 facilemque
620 3933 872 4011 reddiderim.
895 3933 1097 4009 Proeter'ea
1118 3958 1178 4007 re·
