2842 4750
606 320 644 390 Q
698 310 975 371 uonna-rr

367 448 536 524 Num
499 450 696 551 viperinus
721 447 823 523 his6
848 473 961 523 cruor

313 572 490 648 Inc'octus
514 570 646 648 herbis
668 601 730 649 me
752 591 769 643 7
789 573 962 651 fefellit?
989 574 1055 649 An
1077 532 1201 651 malas
1299 634 1302 649 .

364 694 381 746 ⁸
404 696 571 773 Canidia
592 698 777 774 tractavit
801 700 946 803 dapes?

313 837 330 890 9
354 821 409 894 Ut
429 821 674 922 Argonautas
698 838 836 923 praeter
862 852 995 902 omnes
1019 825 1232 902 candidum

366 946 512 1024 Medea
537 947 681 1024 mirata
705 966 762 1026 est
785 950 952 1042 ducem,

315 1075 454 1176 Ignota
476 1073 596 1150 tauris
618 1072 861 1177 illigaturum
882 1074 1001 1177 juga,

364 1201 552 1276 Perunxit
577 1218 609 1252 ¹0
636 1201 710 1278 hoc
736 1205 941 1280 Iasonem:

314 1337 346 1374 ¹¹
369 1324 456 1400 Hoc
478 1325 642 1402 delibut
616 1344 664 1403 trs
688 1329 771 1404 uita
795 1328 919 1404 donis.
929 1324 1136 1451 pellicem,

367 1449 547 1551 Serpente
573 1451 675 1554 fugit
696 1452 802 1530 alite.

315 1572 399 1648 Nec
423 1590 550 1650 tantus
572 1603 748 1681 unquam
769 1577 940 1655 siderum
961 1576 1104 1654 insedit
1126 1591 1158 1627 ¹²
1182 1602 1298 1678 vapor

367 1697 579 1776 Siticulosae
600 1703 785 1806 Apuliae,

318 1824 351 1875 13
374 1824 459 1900 Neo
482 1854 623 1904 munus
648 1828 821 1906 humeris
844 1827 1012 1906 efficacis
1036 1802 1217 1904 Herculis

364 1953 507 2029 Inarsit
528 1955 735 2036 aestuosins.
817 1988 820 1994 ¹

316 2079 395 2167 At,
421 2078 452 2153 si
475 2079 572 2183 quid
595 2109 770 2186 unquam
793 2097 827 2147 ¹4
848 2081 927 2157 tale
949 2077 1241 2181 concupiveris,

367 2201 505 2281 Jocose
529 2207 753 2300 Maecenas,
777 2233 912 2311 precor

314 2328 347 2380 ¹⁵
370 2330 537 2406 Manum
560 2332 690 2434 puella
713 2333 848 2410 suavio
872 2344 1039 2436 opponat
1062 2344 1155 2422 tuo,

366 2451 549 2530 Extrema
576 2456 681 2532 etin
705 2455 850 2561 sponda
873 2455 1002 2534 cubet‘

213 2634 232 2689 6
251 2636 362 2710 Sanguis
381 2639 478 2710 viperae
500 2642 649 2713 serpentis,
670 2639 700 2693 id
718 2656 778 2706 est,
853 2641 953 2700 erec
964 2654 1054 2693 tantus
1064 2636 1138 2691 calor
1147 2636 1279 2703 siderum,
1291 2636 1372 2693 Cani-

213 2739 359 2773 venenum.
388 2721 472 2790 7Me
489 2720 587 2785 latuit,
610 2721 639 2775 id
655 2737 713 2788 est,
734 2742 778 2777 me
814 2722 881 2780 culae
894 2717 1177 2795 prasertim,aridam
1188 2719 1287 2774 invasit
1298 2721 1372 2792 Apu-

213 2802 301 2856 inscio
313 2802 364 2855 fuit
376 2803 516 2856 incoctus?
532 2804 606 2857 aaa
617 2804 779 2860 mulierve·
813 2805 888 2859 liam.
914 2807 945 2858 13
964 2805 1023 2859 Nec
1041 2805 1133 2857 tunica
1149 2801 1185 2855 ud
1197 2802 1342 2857 Herculem
1359 2802 1374 2854 d

213 2885 300 2941 nefica
314 2885 384 2940 male
400 2890 577 2941 contrectavit
592 2886 695 2961 dapes?
813 2892 944 2961 Dejanira
959 2890 1056 2953 missa,
1069 2887 1150 2941 ¹Nessi
1166 2885 1297 2941 Centauri
1310 2904 1373 2939 san-

250 2989 268 3042 9
287 2970 462 3044 Posteaquam
483 2969 584 3025 Medea
602 2975 698 3026 mirata
717 2988 777 3042 est,
813 2975 894 3046 guine
908 2974 1040 3037 intincta,
1054 2968 1191 3024 ardentius
1204 2968 1376 3022 inflammavit

213 3050 312 3119 idest,
328 3052 462 3110 adamavit
474 3056 600 3110 Jasonem
614 3053 711 3111 docem
723 3077 777 3131 prae
813 3056 939 3111 humeros
960 3053 1085 3109 Herculis
1106 3051 1244 3119 efficacis,
1268 3051 1299 3107 id
1317 3067 1374 3117 est,

214 3137 339 3190 omnibus
347 3140 505 3213 Argonautis
513 3138 674 3207 candidum,
684 3140 714 3194 id
724 3156 778 3209 est,
812 3138 953 3206 laboriosi,
970 3153 997 3193 et
1012 3135 1047 3190 ad
1062 3135 1236 3191 efficiendum
1249 3137 1316 3209 apti.

212 3219 364 3295 pulchrum.
387 3224 492 3303 1onoe
507 3224 778 3297 unguento,scilicet
852 3232 883 3290 ¹4
904 3222 1016 3277 Allium.
1043 3221 1072 3276 15
1093 3219 1214 3286 Precor,
1236 3234 1269 3271 ut
1291 3215 1375 3291 puella

211 3301 277 3356 allio
288 3343 297 3371 ,
309 3309 435 3377 perunxit
450 3309 596 3374 Jasonem,
613 3307 777 3381 illigatnmm
812 3306 928 3360 halitum
939 3321 1017 3380 tuum
1027 3304 1174 3379 effugiens,
1187 3318 1308 3377 opponat
1316 3320 1375 3355 ma-

212 3388 275 3459 juga
287 3389 379 3459 ignota
393 3391 491 3456 tauris,
508 3389 538 3443 id
555 3406 610 3457 est,
630 3393 675 3464 qui
695 3393 778 3444 tauris
813 3388 980 3444 numosculo
994 3404 1059 3455 tuo,
1075 3402 1101 3442 et
1114 3386 1194 3440 cubet
1204 3388 1234 3439 in
1245 3386 1376 3439 exteriore

211 3472 356 3543 ignivomis
372 3474 433 3545 juga
446 3475 551 3528 insueta
568 3476 701 3546 injiceret.
813 3472 876 3527 lecti
886 3488 960 3547 parte
971 3512 979 3539 ,
989 3491 1026 3527 ne
1036 3470 1091 3525 allii
1104 3471 1197 3525 foetore
1209 3467 1378 3534 offendatur,

254 3573 281 3607 ιι
298 3554 397 3609 Medea
410 3557 538 3612 Creiisam
554 3557 677 3612 Creontis
695 3556 778 3611 filiam
814 3554 843 3609 id
857 3571 913 3624 est,
927 3573 1039 3629 precor,
1050 3569 1079 3608 ut
1091 3571 1178 3625 neque
1190 3566 1218 3605 te
1228 3551 1362 3607 osculetur
1367 3587 1379 3620 7

213 3637 332 3691 vestibus
346 3637 398 3691 hoc
415 3638 478 3692 allio
494 3639 621 3693 delibutis
634 3638 708 3706 ulta,
727 3657 780 3694 au*
813 3657 902 3712 neque
915 3657 942 3693 se
956 3637 1005 3693 tibi
1017 3634 1175 3711 potiendam
1185 3633 1315 3708 praebeat.

96 3750 104 3762 ι
212 3717 279 3794 fugit
287 3739 335 3794 per
344 3719 688 3794 aerem,vecraadracone
698 3721 780 3788 alato,¹
