2842 4750
334 351 913 412 cremonensium.
998 324 1003 331 ’
1131 350 1211 432 279

41 476 73 528 ⁶3
88 473 201 577 Quod
221 472 323 549 milri
345 488 496 576 pareret
515 471 618 573 legio
637 472 818 546 Romana
841 467 1031 548 Tribunoss

41 602 73 667 ⁵4
81 599 277 678 Dissimile
294 598 368 675 hoc
381 598 441 674 illi
457 614 533 690 est;
548 597 733 700 quianon
745 615 789 672 ut
802 595 835 645 ⁵⁶
847 594 955 670 forsit
968 594 1000 643 ⁵⁶
1015 591 1201 669 honorem

38 729 133 805 dure
149 728 250 804 mihi
263 729 297 795 ⁵⁷
311 725 489 804 invideat
503 723 657 828 quivis,
673 723 779 802 itate
795 721 997 827 quoque⁶⁶
1010 721 1207 811 amioum,

40 852 258 929 Praesertim
274 854 307 919 ⁵9
325 867 485 931 cautum
508 852 643 954 dignos
665 871 887 944 assumere,
913 878 1037 955 prava

37 983 266 1058 Ambitione
287 980 435 1085 procul.
462 980 637 1058 Felicem
657 981 788 1057 dicere
813 981 847 1032 ⁶⁰
867 999 945 1055 non
966 977 1042 1055 hec

39 1096 105 1182 Me
128 1136 280 1210 possum
303 1132 422 1197 casu,
447 1106 553 1209 quod
569 1122 607 1181 te
624 1106 655 1156 ⁶1
677 1104 830 1181 sortitus
850 1103 1035 1181 amioum.

37 1231 157 1307 Nulla
179 1230 326 1306 etenim
344 1228 446 1315 mihi
462 1246 501 1306 te
520 1229 596 1306 fors
610 1227 763 1306 obtulit.
793 1229 973 1332 Optimus
990 1228 1088 1306 olim

36 1354 253 1459 Virgilius,
277 1372 359 1458 post
377 1353 483 1431 hunc
499 1354 669 1445 Varius,
693 1353 825 1430 dixere
844 1354 941 1458 quid
958 1381 1090 1434 essem.

36 1483 69 1532 ⁶2
85 1483 142 1559 Ut
159 1481 250 1558 reni
269 1510 424 1576 coram,
446 1484 479 1537 63
498 1482 701 1586 singultim
723 1510 849 1585 pauca
869 1482 1047 1576 locutus,

35 1609 70 1673 ⁶4
87 1607 406 1710 Infansnamque
425 1605 548 1710 pudor
560 1603 797 1709 prohibebat
812 1607 924 1712 plura
941 1608 1112 1711 profari,

37 1732 68 1783 ⁶⁶
85 1734 177 1809 Non
193 1760 265 1834 ego
282 1759 344 1808 me
363 1732 468 1809 claro
483 1747 621 1807 natum
635 1748 769 1834 patre,
786 1761 863 1808 non
878 1760 948 1837 ego
966 1732 1115 1811 circum

38 1858 103 1932 Me
122 1858 157 1908 66
173 1857 403 1933 Satureiano
422 1856 572 1935 vectari
590 1885 681 1933 rura
700 1855 881 1951 caballo;

40 1980 136 2072 Sed,
150 1980 256 2084 quod
271 2008 404 2071 eram,
422 2008 550 2057 narro.
566 1981 601 2048 67
614 1960 859 2083 Respondes,
873 1995 917 2058 ut
931 1997 1019 2059 tuus
1032 1999 1089 2059 est
1102 2010 1203 2074 mos,

39 2105 180 2181 Pauca.
204 2103 342 2197 Abeo,
367 2120 406 2180 et
428 2132 588 2182 revocas
608 2135 710 2183 nono
731 2124 811 2210 post
831 2135 988 2201 mense,
1014 2107 1203 2210 jubesque

39 2228 122 2305 Esse
140 2228 183 2304 in
201 2228 420 2305 amicorum
436 2258 611 2310 numero.
637 2233 832 2336 Magnum
848 2230 923 2308 hoc
938 2260 1011 2336 ego
1026 2235 1155 2326 duco,

39 2352 147 2454 Quod
163 2352 296 2458 placui
312 2353 412 2448 tihi,
439 2354 507 2455 qui
518 2355 629 2459 ,turpi
646 2357 814 2435 secernis
831 2355 1062 2452 honestum,

38 2476 69 2527 ⁶⁶
84 2481 172 2555 Non
191 2497 300 2581 patre
315 2480 525 2582 praeclam,
551 2483 620 2557 sed
635 2482 718 2559 vita
736 2498 774 2558 et
791 2499 944 2586 pectore
959 2512 1070 2587 puro.

38 2603 157 2708 Atqui
174 2605 209 2682 si
228 2606 336 2683 vitiis
351 2608 384 2674 ⁶9
399 2592 686 2700 mediocribus,
710 2635 757 2683 ac
775 2635 863 2684 mea
878 2609 1015 2717 paucis
1120 2671 1121 2677 1

40 2728 225 2807 Mendosa
244 2746 300 2806 est
318 2748 485 2823 natura,
508 2732 655 2836 alioqui
677 2749 785 2808 recta
808 2733 947 2834 (velut
963 2732 996 2810 si

39 2849 202 2957 Egregio
219 2852 406 2954 inspersos
424 2856 633 2958 reprendas
649 2882 805 2958 corpore
823 2883 952 2934 naevos
968 2839 995 2955 )¹

41 2978 76 3052 si
93 3007 222 3083 neque
239 2980 469 3073 avaritiam,
490 3010 618 3086 neque
635 2984 789 3079 sordes,
806 2999 841 3052 70
856 3000 925 3059 aut
938 2983 1044 3061 mala
1057 2985 1178 3063 lustra

43 3102 213 3204 Objiciet
229 3130 320 3181 vere
338 3104 546 3210 quisquam
563 3106 663 3184 mihi
678 3142 691 3200 3
713 3125 744 3177 7Ι
764 3136 909 3212 purus,
927 3125 967 3183 et
983 3108 1135 3204 insons,

73 3253 105 3306 55
119 3255 193 3325 Quia
209 3253 334 3308 tribunus
347 3252 466 3307 militum
482 3254 532 3308 fui.
669 3257 706 3311 62
716 3248 882 3330 'Postquam
906 3256 944 3311 63
962 3257 1091 3314 Sermone
1110 3262 1201 3319 intera

74 3335 106 3402 54
119 3337 259 3392 Dissimile
268 3352 308 3391 est
316 3337 469 3390 Tribunum
480 3337 598 3392 militum
633 3340 728 3414 nuptm
737 3341 772 3408 64
784 3339 874 3393 Pudor
887 3340 1009 3414 elinguis.
1025 3343 1060 3396 66
1073 3344 1130 3418 Ege
1141 3368 1199 3403 non

45 3415 102 3471 clim
116 3421 194 3476 llrisse
205 3462 214 3489 ‚
227 3437 255 3476 et
271 3420 321 3475 tibi
338 3418 421 3474 hodie
438 3420 598 3476 familiarem
633 3443 722 3478 narro.
738 3423 774 3477 66
783 3425 860 3497 Equo
868 3427 898 3477 in
908 3423 1088 3498 Satureienis‚
1101 3429 1131 3483 id
1143 3447 1198 3501 est,

47 3516 105 3556 etse.
119 3505 152 3559 55
166 3499 347 3560 Fortasse.’66
358 3506 455 3558 Honor
465 3525 598 3559 nonnuu-
633 3509 744 3582 Appulis
756 3513 860 3581 pascuis
875 3523 956 3563 nato..
1048 3580 1050 3585 y

44 3600 116 3655 quem
128 3590 269 3644 mandatur
282 3588 411 3662 indignis.
427 3589 460 3660 67
475 3588 598 3644 invidere
668 3595 703 3662 67
709 3593 790 3659 Tine
798 3592 1097 3670 Maecenus‚respondes
1102 3615 1199 3670 pauca,

43 3672 126 3736 posit.
146 3674 180 3726 58
197 3676 257 3728 Tuo
273 3673 374 3746 judicio
388 3671 524 3740 electum,
540 3693 600 3731 non
668 3675 706 3728 68
716 3675 780 3730 Non
792 3679 898 3749 generis
909 3676 1067 3753 splendore,
1079 3679 1126 3733 sed
1135 3683 1198 3738 vites

42 3747 156 3806 l'ertuito.
176 3755 211 3828 59
231 3756 447 3811 consideratum.
631 3757 776 3831 probitate.
981 3758 983 3763 ⁴

74 3833 110 3884 60
127 3836 185 3890 Nee
195 3838 247 3892 hac
256 3855 325 3894 sorte
335 3860 443 3914 possum
454 3839 598 3915 predicate
669 3842 704 3914 69
717 3844 796 3897 Vitiis
806 3848 901 3917 parvis.
917 3864 951 3917 70
961 3848 1129 3918 Lupanarie,
1141 3848 1198 3903 fer-

42 3931 84 3967 me
99 3912 214 3977 felicem.
236 3922 269 3976 61
290 3922 372 3995 Quod
388 3939 483 3982 nactus
500 3927 552 3980 sim
571 3939 598 3981 te
632 3926 718 3978 uices.
736 3944 766 3997 7¹
785 3927 814 3985 si
827 3931 890 3984 rivo
904 3931 996 3982 enimc
1012 3947 1080 4000 puro
1098 3945 1126 3986 et
1142 3933 1198 3991 vita

44 3998 168 4073 amicum,
590 4032 593 4036 ·
633 4008 749 4081 integra.
