2842 4750
119 301 123 319 '
226 345 276 422 94
612 342 982 414 Q.110RA‘1'11

322 479 370 556 Ιιι
393 476 479 554 sinu
503 473 631 550 ferens
655 488 687 524 2¹
714 473 804 550 deos

372 601 422 675 Et
442 623 562 687 uxor,
586 611 625 670 et
649 594 738 687 vir,
763 610 796 645 ²2
821 593 1069 698 sordidosque
1092 601 1223 674 natos!

321 728 356 780 ²3
379 724 498 802 Nulla
523 723 663 799 certior
687 738 817 798 tamen

372 867 408 917 ²4
432 849 601 952 Rapacis
628 848 721 924 Orci
744 849 778 899 2⁵
800 846 878 923 fine
902 845 1092 923 destinata

322 973 429 1051 Aula
453 973 617 1048 divitem
639 974 673 1023 ²⁶
695 987 827 1047 manet

371 1105 533 1181 Herum.
558 1117 592 1168 27
615 1098 722 1202 Quid
744 1101 846 1176 ultra
871 1098 1027 1178 tendis?
1047 1122 1161 1234 taqua
1182 1096 1294 1203 tellus

321 1225 489 1330 Pauperi
511 1226 546 1276 2⁸
569 1224 809 1319 recluditur,

370 1353 603 1454 Regumque
627 1350 788 1454 pueris·
814 1378 888 1429 nec
911 1365 945 1418 29
968 1349 1121 1426 satelles
1145 1348 1239 1425 Orci

321 1479 356 1531 3⁰
375 1477 573 1555 Callidum
595 1478 829 1555 Promethea

369 1600 539 1676 Revexit
561 1627 655 1677 auro
678 1601 708 1652 31
735 1619 879 1707 captus.
904 1602 937 1653 32
959 1600 1038 1677 Hic
1059 1598 1270 1704 superbum

319 1724 560 1818 Tantalum,
584 1742 701 1831 atque
725 1727 883 1805 Tantali

366 1851 400 1903 33
425 1850 557 1926 Genus
578 1859 741 1931 cce‘r.cet
768 1852 802 1918 34
826 1851 903 1931 Hic
923 1850 1056 1929 levare
1077 1849 1255 1926 functum

214 1978 216 1981 ’
317 1978 532 2079 Pauperem
556 1974 781 2070 laboribus,

216 2122 218 2137 ⁴
365 2103 399 2161 3⁵
423 2104 623 2195 Vocatus,
646 2120 763 2208 atque
787 2133 866 2195 uon
889 2119 1048 2203 vocatus
1068 2101 1190 2181 audit.

252 2323 284 2359 ar
299 2305 423 2359 Penates.
437 2322 471 2359 aa
483 2303 569 2358 Natos
585 2302 620 2358 ob
635 2320 778 2380 pauperta-
812 2304 873 2360 Ode
892 2322 990 2360 xxvrtt.
1011 2303 1061 2360 lib.
1080 2324 1100 2359 r.
1125 2321 1161 2378 29
1183 2301 1311 2368 Charon,
1325 2301 1365 2374 qai

215 2407 272 2447 tem
285 2387 438 2463 squallidus.
811 2391 914 2442 animas
935 2387 1031 2462 cymba
1050 2406 1097 2441 sua
1118 2379 1365 2441 transvectas'nun-
1419 2437 1420 2444 ,

251 2473 286 2526 23
297 2471 371 2525 Ordo
382 2469 526 2524 est·nullt
539 2485 630 2523 tamon
642 2469 703 2524 aula
716 2487 776 2523 mt-
809 2490 890 2543 quam
916 2470 1034 2524 revehet.
1061 2470 1096 2522 30
1122 2468 1185 2523 ldeo
1213 2465 1365 2521 Promethea
1419 2475 1420 2490 ³

213 2570 262 2609 net
277 2554 387 2607 divitem
406 2553 502 2605 herum
524 2553 622 2606 certior
643 2551 775 2607 destinata
809 2550 937 2605 callidum
959 2551 1094 2626 appellat,
1114 2554 1177 2627 quia
1195 2552 1260 2606 Jovi
1279 2553 1364 2624 iguem

213 2637 267 2691 fme
276 2651 377 2707 rapacis
391 2635 473 2700 Orci,
486 2634 516 2687 ra
528 2650 582 2701 est
596 2633 672 2688 nulla
683 2650 776 2690 tamen
809 2633 918 2689 vitalem
934 2637 1076 2708 eripuerat.

211 2717 263 2772 ttbr
274 2733 371 2772 cernor
380 2716 475 2770 domus
485 2731 525 2769 est
535 2732 667 2771 reservata
675 2736 775 2791 ,quam
846 2718 878 2772 31
908 2721 981 2772 Auro
1006 2732 1153 2792 corruptus.
1183 2696 1217 2770 32
1249 2716 1364 2773 Charont

210 2801 361 2855 Inferorum
387 2798 471 2853 sedes.
510 2809 548 2866 24
576 2798 663 2853 Orcus
682 2819 776 2854 omnes
811 2801 846 2854 33
863 2800 972 2855 Tantali
993 2816 1135 2876 posteros,
1155 2800 1304 2874 Pelopem,
1323 2799 1362 2851 A·
1419 2805 1420 2812 ’

213 2884 339 2939 mortales
360 2884 438 2958 rapit.
463 2881 496 2936 25
520 2884 619 2935 Finem
640 2885 777 2956 usurpavit
810 2901 916 2952 rreum,
933 2883 1179 2959 Agamemnonem,
1197 2884 1336 2940 Orestem,
1419 2893 1420 2898 ’

210 2970 243 3022 in
253 2969 382 3023 faemineo
395 2986 511 3041 genere,
526 2964 672 3022 concordat
684 2981 774 3021 autem
844 2971 878 3038 34
899 2969 974 3024 Ordo
992 2985 1055 3025 est:
1078 2984 1188 3024 vocatus
1210 2985 1289 3042 atque
1310 2982 1363 3020 non
1419 2981 1420 2984 ’

213 3069 275 3107 cum
294 3054 447 3106 destinata.
470 3050 604 3116 Mallem,
625 3049 689 3102 sede
708 3049 774 3103 des-
808 3068 917 3107 vocatus
931 3052 1006 3106 au'dit
1021 3054 1109 3108 levare
1125 3069 1270 3128 pauperem
1286 3052 1364 3104 frme-

211 3142 324 3199 tirtata,·
341 3149 371 3189 ut
383 3135 480 3209 legitur
495 3137 525 3188 in
541 3132 645 3188 duobus
661 3152 723 3187 mss.
807 3151 866 3189 tum
878 3135 1027 3203 laboribus,
1040 3135 1069 3189 id
1082 3147 1135 3204 es‘t,
1149 3135 1224 3190 audit
1235 3150 1265 3190 ut
1277 3130 1365 3188 suble-
1419 3151 1420 3154 ¹

249 3218 284 3272 26
301 3221 445 3291 Exspectat
462 3218 583 3273 divitem.
807 3235 852 3274 vet
872 3235 899 3274 et
918 3218 1014 3274 liberet
1032 3239 1175 3294 pauperem
1188 3243 1203 3285 ,·
1220 3220 1265 3291 qui
1283 3219 1362 3269 vitam
1419 3209 1420 3212 '

246 3319 282 3374 27
295 3300 370 3372 Quid
378 3301 454 3373 plura
464 3301 557 3374 cupis?
568 3304 601 3354 28
612 3302 696 3355 Terra
704 3319 773 3374 pau·
808 3304 862 3374 egit
877 3301 1045 3356 laboriosam.
1063 3303 1096 3355 35
1112 3302 1204 3366 Velit,
1219 3299 1289 3353 nolit
1300 3315 1366 3372 pau·

211 3386 268 3461 peri
280 3399 307 3440 et
319 3382 424 3457 regibus
436 3387 552 3458 aperitur
567 3383 713 3458 aequaliter.
728 3385 773 3437 Sic
807 3402 864 3455 per,
873 3384 981 3440 Charon
988 3385 1054 3442 Orci
1065 3386 1170 3441 satelles
1179 3385 1204 3440 ei
1213 3394 1363 3458 prastoest.
1419 3411 1420 3430 ι
