2842 4750
322 247 944 354 stramenticium.
1126 275 1202 353 3οό

37 429 69 467 2¹
86 417 229 518 Sperne
247 411 382 492 cibum
399 410 542 502 vilem-3
557 408 632 485 nisi
644 423 677 459 22
687 404 892 511 Hymettia
904 407 1022 487 mella
1038 405 1203 487 Falerno

39 544 99 617 Ne
115 538 262 616 biberis
276 538 412 614 diluta.
427 536 460 586 ²3
475 535 583 612 Fotis
596 549 652 610 est
665 560 837 646 promus,
852 548 890 609 et
903 549 1031 609 atrum

37 666 263 743 Defendens
277 665 399 769 pisces
411 678 446 729 24
460 662 610 739 hiemat
622 689 753 756 mare3
771 690 863 737 eum
875 660 954 739 sale
969 661 1079 765 panis

39 792 71 845 ²⁵
80 784 563 866 Latrantemstomachum
573 785 671 862 bene
684 784 814 863 leniet.
824 787 859 838 2⁶
873 786 987 862 Unde
1001 802 1124 888 putas,
1137 803 1205 864 aut

40 912 76 1016 ,²⁷
86 915 165 1017 Qui
177 910 400 1017 partumt²⁸
412 911 502 985 Non
515 908 557 984 in
569 937 659 984 caro
670 903 806 984 nidore
820 908 996 1014 voluptas
1135 997 1142 1018 x

39 1040 219 1132 Summa,
235 1036 360 1114 sedin
373 1053 411 1112 te
428 1036 510 1139 ipso
528 1051 594 1114 est.
607 1051 641 1104 ²9
655 1039 717 1111 Tu
730 1035 992 1139 pulmentaria
1008 1025 1149 1142 quaere‘

38 1164 235 1243 Sudando.
254 1164 288 1218 3⁰
303 1163 496 1266 Pinguem
514 1163 642 1256 vitiis,
658 1163 892 1267 albumque,
907 1194 980 1243 nec
997 1151 1142 1261 ostrea,

38 1288 126 1364 Neo
138 1313 286 1377 scarus,
305 1301 373 1360 aut
385 1285 526 1385 poterit
539 1285 570 1336 3¹
586 1281 792 1387 peregrina
807 1284 942 1383 juvare
961 1288 993 1338 32
1014 1289 1153 1394 lagois.

38 1417 123 1497 Vix
139 1432 271 1490 tamen
282 1412 315 1465 3³
331 1412 513 1517 eripiam,
525 1412 646 1516 posito
661 1439 833 1513 pavone,
847 1411 946 1513 velis
960 1416 1057 1518 quin

37 1541 74 1607 34
94 1542 182 1615 Ηοο
198 1536 323 1640 potius
337 1564 460 1641 quam¹
471 1536 618 1639 gallina
632 1536 664 1587 ³⁵
682 1552 830 1640 tergere
846 1537 1041 1641 palatum,
1115 1622 1117 1632 y

39 1668 251 1765 Corruptus
265 1663 299 1713 3⁶
313 1660 424 1738 vanis
440 1688 591 1755 rerum3
605 1661 699 1765 quia
719 1680 861 1743 veneat
874 1663 907 1731 37
920 1691 1015 1740 auro

38 1790 148 1865 Rara
164 1786 271 1879 avis,
288 1802 327 1862 et
341 1786 446 1888 picta
461 1786 607 1890 pandat
623 1787 844 1889 spectacula
865 1790 1014 1882 cauda3
1120 1811 1207 1890 (isia

38 1912 74 1965 3⁸
90 1913 300 2016 Tanquam
314 1911 366 1985 ad
385 1937 469 1986 rem
490 1910 653 2016 attineat
665 1910 895 2016 quidquam.
914 1915 1021 1992 Num
1041 1920 1204 2018 vesceris
1239 1908 1242 1915 ⁵

40 2035 173 2140 Quam
188 2033 343 2126 laudas,
358 2032 515 2136 pluma?
531 2032 564 2101 39
579 2049 797 2119 coctonum
808 2035 919 2111 adest
936 2034 1057 2140 bonor
1072 2038 1204 2118 idem?

41 2161 168 2241 Carne
186 2174 321 2234 tamen
337 2153 517 2260 quamvis
534 2156 651 2232 distat
666 2155 817 2231 nihi140
833 2157 909 2238 hac.
922 2161 1047 2264 magis
1063 2162 1154 2256 illa;

37 2291 71 2353 Ι4ι
88 2283 314 2392 Imparihus
327 2281 463 2361 fonnis
479 2284 686 2389 deceptum
702 2301 740 2385 te
755 2302 872 2390 pqtqt.
889 2303 925 2354 4²
940 2289 1041 2393 Esto,

39 2418 73 2484 ⁴³
90 2417 207 2494 Unde
227 2414 365 2491 datum
377 2411 515 2507 sentis,
530 2428 565 2479 44
578 2412 691 2516 lupus
708 2412 775 2513 bie
793 2413 1022 2515 Tiberinus,
1033 2446 1086 2497 an
1100 2422 1179 2500 alto

40 2543 184 2647 Captus
197 2539 233 2607 4⁵
250 2537 354 2617 hiett
372 2539 407 2604 4⁶
423 2552 604 2641 puntesne
621 2537 723 2614 inter
735 2537 983 2638 jactatus,an
995 2547 1121 2623 amnis

40 2712 98 2748 cus.
116 2711 147 2747 ar
168 2688 278 2745 ironica
296 2703 337 2743 ast
353 2691 508 2756 concessio,
527 2687 602 2765 quasi
636 2684 672 2763 35
690 2676 821 2763 fricare,
845 2684 889 2745 vel
914 2688 1047 2749 delectare
1067 2694 1196 2770 palatum.

40 2775 129 2844 dicat,
144 2794 202 2829 nun
216 2791 332 2847 spernes.
351 2773 524 2826 acrimonte
537 2772 602 2845 Hy·
637 2770 673 2824 36
693 2771 840 2847 Corruptus
858 2775 1021 2830 vanitatibus
1039 2797 1149 2846 rerum,
1169 2800 1200 2837 ut

40 2875 121 2913 merto
135 2860 166 2912 in
183 2856 282 2911 Attica.
300 2856 350 2909 Est
366 2847 523 2929 Hypallage.
637 2853 742 2907 deliciis
754 2853 907 2912 luxuriosis.
929 2857 963 2930 37
984 2858 1082 2932 Maiori
1101 2866 1199 2935 pretio.

75 2943 109 2997 23
122 2940 256 2997 Cellarius
268 2938 342 3017 domi
350 2958 407 2991 non
418 2954 467 2993 est.
481 2948 515 3004 ²4
525 2938 603 2994 Mare
636 2937 672 2990 38
683 2940 766 3008 Quasi
779 2934 814 2993 ad
832 2956 938 3014 gustum
954 2939 1056 2995 alarum
1071 2946 1198 3017 pulchri.

41 3026 70 3079 iu
86 3035 276 3098 tempestatem
294 3023 416 3095 insurgit.
438 3020 471 3074 25
491 3020 603 3075 Stoma·
637 3019 703 3073 tudo
713 3025 857 3094 pertmeat.
875 3022 911 3096 59
923 3023 997 3076 Nutu
1010 3041 1087 3080 cocto
1099 3035 1200 3101 pavoni

42 3109 123 3165 chum
135 3110 260 3161 inanem.
286 3104 321 3158 26
339 3101 420 3157 Unde
438 3118 514 3177 putas
530 3103 602 3157 hanc
637 3118 766 3158 maneant
782 3104 835 3158 illas
854 3104 961 3178 plumas.
987 3108 1025 3160 N.
1045 3110 1078 3161 B.
1094 3113 1200 3170 Vocula

40 3193 205 3267 voluptatem
220 3186 294 3243 nasci
309 3189 338 3239 iu
353 3199 409 3238 tam
425 3186 499 3239 tenui
510 3187 604 3240 victui
638 3204 705 3237 nram
722 3186 753 3237 in
769 3189 908 3239 scansione
928 3207 984 3240 nou
1003 3188 1129 3261 eliditur,
1149 3198 1198 3254 sed

74 3294 108 3346 27
117 3270 266 3346 Quomodo
281 3269 423 3343 paratum?
442 3268 476 3320 28
490 3266 554 3321 Non
572 3270 602 3321 in
635 3269 827 3340 pronunciatur
848 3283 876 3321 et
898 3272 1064 3344 corripitur·;
1088 3292 1118 3331 ut
1138 3281 1197 3335 fre.

41 3374 160 3411 oarorum
178 3352 352 3410 obsoniorum
366 3350 458 3405 odore.
635 3365 748 3425 quanter
764 3350 835 3424 apud
849 3352 993 3420 Comicus,
1012 3359 1092 3413 etiam
1108 3366 1198 3423 vocali
1233 3400 1239 3411 .

78 3456 111 3512 ²9
129 3440 175 3493 Tu
197 3435 289 3512 epulas
312 3432 450 3509 pulmento
467 3424 600 3488 suaviorei
634 3448 771 3507 sequente.
804 3444 839 3502 4ο
860 3437 955 3489 Forma
980 3446 1090 3512 pavonis
1112 3452 1197 3521 magis

46 3537 126 3590 quare
148 3521 279 3575 exercitio
302 3515 444 3570 laborioso.
468 3515 504 3568 30
528 3515 599 3569 Nam
634 3535 715 3594 quarn
728 3518 813 3571 forma
830 3517 946 3592 gallinae.
965 3530 996 3588 4¹
1016 3525 1117 3580 Formis
1130 3530 1197 3600 pul-

45 3603 166 3675 pinguem
177 3604 251 3657 vitiis
259 3600 311 3665 ,id
325 3615 380 3666 est,
392 3597 500 3672 crapula
510 3600 606 3671 turgi·-
634 3599 786 3655 cbritudine
797 3600 977 3658 dissimilibus.
991 3615 1025 3672 42
1039 3609 1176 3666 Concedo.

45 3683 106 3739 dum
123 3702 151 3741 et
167 3684 318 3760 pallidum,
336 3701 424 3757 neque
445 3697 531 3737 ostrea
547 3700 600 3736 nec
634 3682 669 3750 43
678 3683 824 3753 Quomodo
833 3686 902 3739 scis?
913 3696 948 3754 44
958 3690 1000 3742 An
1011 3692 1091 3763 piscis
1102 3694 1151 3746 iste
1161 3697 1196 3751 sit

43 3784 130 3820 scarus
141 3770 238 3839 poterit
251 3769 351 3838 juvare.
372 3768 403 3820 31
422 3767 535 3839 Peregre
545 3763 599 3818 ad·
634 3768 664 3820 in
673 3766 852 3822 lluvioTiberi
862 3786 969 3844 captus,
979 3790 1014 3824 an
1023 3771 1093 3840 alto,
1106 3774 1134 3827 id
1144 3794 1202 3846 est,¹

43 3863 129 3908 vecta.
148 3849 182 3901 32
195 3849 277 3902 Piscis
288 3852 379 3903 Romae
391 3867 467 3904 carus
480 3864 598 3903 etratus.
615 3881 617 3886 ·
634 3851 664 3902 in
676 3851 762 3904 marii
774 3851 808 3918 45
822 3852 911 3907 Pisces
921 3873 1015 3908 omnes
1025 3859 1095 3928 capti
1104 3863 1196 3917 statim

76 3930 114 3985 33
141 3932 196 3987 Vix
222 3931 397 4009 persuadebo,
422 3932 457 4001 54
480 3932 600 4012 I’avone²
634 3931 711 3989 biaut
717 3973 728 4011 ,
742 3949 770 3992 at
781 3936 848 3991 asin
856 3935 940 3993 latum
950 3935 1090 3993 didacum.
1104 3941 1138 4006 46
1150 3945 1195 4000 Aa

981 4032 1030 4082 20
