2842 4750
227 230 304 307 226
604 261 643 329 a.
697 259 727 312 a
745 262 772 314 o
790 260 818 314 n
837 259 864 313 A
883 263 909 317 r
928 264 978 317 11

226 372 245 422 ⁵
260 368 417 450 AEmula
431 397 508 448 nec
523 368 650 449 virtus
661 372 837 475 Capuae,
854 402 928 451 neo
946 377 962 426 ⁶
980 376 1187 480 Spartacus
1201 384 1314 478 aoe‘r,

280 495 479 600 Novisque
504 495 620 575 rebus
642 495 813 576 infidelis
834 515 852 567 7
873 498 1088 596 Allobrox,

230 625 315 703 Neo
337 622 420 700 fera
442 623 609 701 oaerulea
631 624 785 701 domuit
811 626 1021 705 Germania
1041 630 1060 681 8
1079 630 1209 733 pube,

278 750 626 854 Parentibusque9
649 749 898 830 abominatus
921 755 1148 850 Hannibal,

227 890 264 930 ¹0
281 877 409 979 Impia
423 876 631 980 perdemus
645 875 779 955 deroti
800 879 1000 983 sanguinis
1015 898 1133 975 atas,

280 1014 311 1050 ¹¹
331 1000 516 1102 Ferisque
536 1026 664 1076 rursus
679 1000 936 1105 occupabitur
951 1003 1087 1082 solum.
1375 1102 1377 1107 X

228 1122 449 1216 Barbarus,
468 1121 576 1200 beu!
602 1123 750 1201 cineres
767 1140 799 1175 ¹2
816 1122 968 1202 insistat
987 1127 1140 1223 victor,
1163 1147 1202 1208 et
1222 1132 1354 1223 urbem

279 1249 409 1354 Eques
426 1265 584 1341 sonante
602 1247 828 1327 verberabit
843 1250 1017 1354 ungula:

230 1382 406 1483 Quaeque
427 1394 561 1454 carent
578 1377 706 1455 ventis
724 1394 762 1452 et
777 1377 923 1455 solibus
938 1398 1021 1456 ossa
1039 1380 1071 1433 ¹3
1089 1382 1273 1486 Quirini,

279 1524 314 1575 ¹4
329 1506 451 1584 Nefas
469 1505 628 1583 videret
653 1504 856 1608 dissipabit
875 1506 1052 1588 insolens.

119 1710 121 1712 ,
191 1624 194 1630 ’
229 1639 265 1692 ²⁵
279 1640 419 1731 Forte,
436 1635 533 1740 quid
548 1634 752 1738 expediat,
768 1636 1055 1731 communiter,
1074 1655 1144 1717 aut
1156 1638 1298 1717 melior
1310 1667 1382 1746 pars

280 1762 401 1843 Malis
418 1788 549 1839 carere
567 1760 741 1866 quaeritis
758 1760 969 1839 laboribus.
1052 1775 1055 1781 '

227 1893 351 1972 Nulla
367 1892 416 1968 sit
433 1890 509 1967 hac
526 1890 652 1996 potior
667 1891 884 1968 sententiar
903 1888 1209 1973 16Phocaeorum

282 2021 406 2104 Velut
428 2019 601 2126 profugit
623 2034 657 2087 Ι7
679 2036 861 2098 execrata
883 2018 1045 2113 civitas,

231 2151 358 2255 Agros
374 2163 493 2252 atque
512 2148 632 2223 Lares
648 2147 846 2259 proprios,
868 2145 1161 2251 habitandaque
1180 2148 1274 2227 fana
1306 2179 1309 2187 ¹

246 2278 255 2304 ¹
281 2275 399 2381 Apris
416 2272 601 2379 reliquit,
620 2288 658 2349 et
673 2271 882 2377 rapacibus
894 2270 999 2377 lupis
1016 2304 1028 2364 3

228 2419 252 2475 ‘5
270 2418 327 2473 Cur
343 2413 462 2471 aemula?
478 2414 541 2487 qnia
558 2410 651 2487 Capua
670 2412 701 2466 in
722 2425 811 2487 sperav
831 2409 975 2484 perdemus
986 2414 1118 2480 Romam,
1135 2432 1216 2490 quam
1229 2434 1316 2491 neque
1327 2411 1386 2470 fini·¹

230 2504 309 2559 venit
330 2495 461 2573 eripiendi
485 2498 613 2550 Romanis
634 2498 797 2568 imperium,
832 2487 892 2548 timi
902 2494 1043 2550 valuerunt
1051 2496 1163 2572 perdere
1174 2495 1275 2566 Marsi,
1287 2513 1387 2565 eto.,ut

233 2603 299 2642 tunc
312 2582 441 2656 temporis
456 2580 602 2654 prasertim
614 2618 622 2647 ,
636 2591 699 2632 cum
714 2580 798 2632 Hats-
833 2596 920 2654 supra.
940 2599 969 2632 rr
990 2580 1014 2633 A
1029 2578 1093 2634 feris
1110 2579 1197 2634 solum
1213 2582 1286 2636 urbis
1303 2585 1386 2635 Roma

114 2703 117 2710 ·
233 2667 311 2725 nibal
324 2678 440 2720 vastaret
455 2662 570 2715 ltaliam.
587 2663 606 2716 6
622 2662 693 2716 Belli
710 2662 799 2718 civilis
833 2664 931 2716 iterum
949 2662 1146 2737 possidebitur,
1165 2666 1235 2718 sicut
1253 2681 1315 2720 ante
1334 2681 1388 2719 esus

229 2768 326 2810 auctor
340 2765 368 2805 et
383 2747 448 2802 dux.
462 2744 533 2800 Vide
546 2744 608 2801 Ode
620 2761 677 2802 stt.
691 2746 741 2812 lib.
755 2767 796 2801 ur.
834 2744 972 2806 conditam
987 2746 1050 2801 seris
1063 2762 1119 2812 erat
1132 2747 1340 2821 receptaculum.

234 2834 420 2913 7Allobroges
435 2842 498 2885 sunt
511 2828 604 2903 populi
619 2828 733 2898 Gallice,
751 2832 797 2905 qui
874 2846 905 2882 ra
929 2828 1015 2883 Stabit
1036 2850 1115 2904 snper
1136 2832 1242 2886 cineres
1258 2831 1331 2886 urbis
1349 2826 1388 2885 vel

231 2942 282 2999 per
298 2937 359 2974 suos
371 2915 474 2989 legatos
487 2912 615 2976 Ciceroni
628 2915 798 2986 conjuratio·
834 2912 943 2990 civium.
967 2911 998 2968 ιδ
1014 2912 1122 2978 Romuli
1137 2932 1197 2970 ossa
1211 2917 1241 2974 iu
1255 2914 1389 2991 sepulchro

233 3024 298 3060 nem
306 2993 799 3072 Catilinariampateiecerunttquam-
833 2993 1388 3071 condita‚etsionequerentiscommota,

232 3091 274 3144 vis
287 3106 350 3142 cum
366 3081 483 3139 Lentulo
497 3082 571 3155 prius
587 3097 797 3137 consenserant:
833 3099 921 3154 neque
944 3079 1008 3136 solis
1028 3079 1110 3135 radiis
1130 3098 1253 3152 exusta,
1276 3082 1388 3144 insolens

233 3185 307 3225 recte
327 3168 408 3242 igitur
427 3164 554 3219 dicuntur
574 3161 697 3219 idfideles
720 3166 799 3219 novis
833 3166 919 3217 victor
936 3162 1082 3238 dissipabit.
1107 3174 1139 3232 ¹4
1157 3167 1263 3220 Contra
1281 3166 1389 3230 fassa,

233 3253 331 3321 rebus,
344 3251 441 3316 idest,
457 3249 503 3321 qui
516 3248 594 3301 novis
608 3247 688 3303 rebus
702 3248 799 3303 stude-
833 3246 925 3301 sidere
937 3248 1044 3302 Romuli
1055 3250 1164 3304 cineres
1176 3248 1327 3324 dissipatos.

234 3338 311 3393 bant.
336 3337 354 3389 8
373 3335 518 3398 iuventute
527 3385 530 3390 ,
540 3331 662 3396 caerulea.
684 3333 799 3388 Habent
874 3329 904 3383 15
922 3331 1041 3400 Fortasse
1054 3347 1100 3386 aut
1112 3352 1160 3388 vos
1171 3352 1268 3388 omnes
1279 3350 1389 3410 genera-

231 3413 429 3474 enimomnes
451 3415 516 3486 'stirs
543 3416 678 3468 Gemsani
700 3417 798 3469 oculos
833 3415 904 3479 tim,
921 3429 968 3468 aut
983 3414 1168 3491 certemelior
1184 3435 1245 3489 pars
1263 3418 1393 3496 queritis,

235 3503 380 3557 eoeruleos.
416 3495 801 3572 9Hannibslipareutibus
835 3498 970 3572 quomodo
982 3502 1093 3555 casatis
1101 3500 1181 3555 ,melis
1189 3499 1341 3572 laboribus,
1351 3501 1392 3574 qui

235 3602 278 3642 est
307 3584 475 3651 detestatus,
502 3596 611 3655 propter
631 3579 734 3640 liberos
747 3600 800 3636 sua
834 3582 1003 3657 perferuntur
1017 3586 1046 3636 in
1062 3583 1142 3642 bellis
1156 3583 1291 3640 civilibus..

235 3668 394 3732 crudelitate
414 3668 444 3720 in
460 3664 558 3743 praeliis
575 3684 669 3721 ¹caesos.
695 3684 727 3718 so
742 3666 800 3721 Nos
874 3665 907 3720 td
923 3665 1030 3720 Phoerei
1044 3664 1395 3726 dPhocaealoniaecivitats

235 3766 300 3808 astas
316 3752 401 3826 impia
418 3736 509 3807 devoti
524 3750 677 3821 sanguinis,
691 3746 722 3802 id
733 3764 798 3817 sest,
834 3747 1003 3811 discedentes
1015 3767 1148 3806 venerunt
1160 3753 1190 3806 in
1204 3749 1340 3817 Galliam,
1353 3764 1395 3803 at-

232 3854 348 3907 quorum
361 3833 468 3905 sanguis
483 3832 564 3887 morti
580 3829 727 3898 destinatus
741 3850 798 3888 essa
834 3851 886 3905 qus
902 3831 958 3886 illio
976 3832 1125 3887 Massiliam
1141 3832 1237 3887 urbem
1255 3832 1398 3902 nobilissi-

235 3915 364 3993 videtur,
385 3929 493 3990 propter
516 3915 648 3987 majorum
672 3913 798 3991 scelera²
833 3906 907 3972 bam
922 3914 1113 3991 condideruntg
1132 3933 1162 3989 17
1174 3915 1398 3997 Erecrationibus
