2842 4750
325 330 953 390 CARMINUMLIB.1V.
1136 314 1206 392 185

54 463 185 552 Dices,
204 459 305 537 heu!
331 460 511 563 (quoties
528 475 566 533 te
585 460 626 532 in
642 458 798 561 speculo
814 458 960 535 videris
975 462 992 509 ⁶
1007 459 1207 558 alterum)

54 592 173 688 7Quae
189 615 296 664 mens
312 605 367 677 est
382 587 499 664 hodie
514 645 526 679 ,
550 615 618 691 cur
633 589 772 663 eadem
789 616 865 663 non
880 616 999 690 puero
1014 590 1116 666 fuit?

48 712 126 790 ,Vel
143 741 211 788 cur
228 712 290 789 his
307 713 448 788 animis
462 712 479 763 ⁸
494 711 707 788 incolumes
725 740 801 788 non
816 713 981 788 redeunt
996 723 1132 816 genoe?

84 861 219 917 6Videris
232 878 375 918 mutatum.
394 882 410 936 7
428 866 512 935 Quasi
529 862 610 917 di'ce·
644 862 719 918 hunc
735 865 818 917 animi
832 864 885 916 mei
899 882 1025 926 sensum,
1037 859 1066 913 id
1079 876 1135 927 est,
1149 865 1208 915 uti-'

53 961 90 999 ret
103 965 110 997 τ
122 947 232 1000 Utinam
247 950 278 1000 in
289 947 387 1021 puerili
403 962 482 1002 aetate
501 966 609 1020 praeco-
643 966 708 1000 nam
726 965 819 1003 sensus
838 948 888 1001 iste
905 945 998 999 fuisset
1019 947 1049 998 in
1069 947 1206 1018 pueritia,

54 1032 170 1100 gitassem
184 1029 281 1084 faciem
292 1048 379 1083 meam
393 1030 508 1083 futuram
519 1030 608 1102 hispi-
643 1045 690 1084 aut
704 1032 780 1103 pueri
793 1030 878 1082 forma
891 1028 990 1082 rediret
1005 1026 1123 1082 adhunc
1136 1047 1203 1080 sen-

54 1109 129 1178 dam,
148 1132 184 1167 ex
203 1132 256 1186 qua
278 1128 408 1186 quaestum
426 1115 608 1167 meretricium
644 1132 712 1166 sum.
735 1113 752 1164 8
773 1112 857 1165 Genoe
873 1111 1006 1165 imberbes
1022 1134 1030 1176 3
1049 1128 1112 1163 narn
1130 1130 1205 1182 genae

19 1250 23 1263 ὁ
54 1191 191 1266 deperdere
201 1199 235 1249 sit
243 1195 419 1261 necesse3vel
429 1198 532 1250 utinam
541 1195 607 1250 levis
642 1194 758 1257 barbatae
767 1209 894 1266 tanquam
906 1210 1016 1250 mortuae
1025 1192 1205 1261 habebantur,

53 1289 77 1328 et
89 1275 178 1349 glabra
187 1281 263 1352 pueri
278 1278 361 1333 facies
375 1298 450 1332 nunc
460 1278 561 1332 rediret
572 1277 609 1331 ad
643 1279 705 1351 quia
719 1276 753 1330 sd
765 1294 868 1330 amores
880 1276 994 1350 pueriles
1008 1293 1085 1332 erant
1096 1279 1207 1349 inepte,

188 1472 281 1579 nn
333 1426 937 1550 enrnnrnnnsoae
972 1472 1058 1551 xi.

370 1677 523 1752 Invitat
543 1700 633 1748 eam
658 1675 717 1748 ad
737 1675 884 1775 epulas.

141 1823 253 1943 Est·
278 1865 378 1942 mihi
401 1896 546 1944 nonum
567 1867 780 1971 superantis
806 1894 954 1944 atinum

140 1992 285 2070 Plenus
310 2011 323 2045 1
344 1994 491 2072 Albani
518 1998 662 2074 cadus:
691 2011 747 2072 est
762 1995 810 2071 in
835 1995 973 2089 horte,

140 2116 305 2221 Phylli,
329 2123 532 2197 nectendis
554 2138 570 2172 ²
594 2121 729 2223 apium
754 2120 926 2198 coronis:

293 2245 308 2295 3
329 2246 398 2321 Est
424 2247 578 2323 hederae
600 2248 660 2325 vis

139 2366 298 2461 Multa,
324 2386 342 2436 4
362 2399 439 2473 qna
465 2373 590 2449 crines
603 2371 775 2476 religata
797 2372 955 2478 fulges,

139 2492 155 2541 ⁵
175 2494 301 2569 Ridet
324 2499 482 2598 argento
509 2499 672 2575 domus:
696 2526 790 2590 era,
817 2489 932 2574 castis

139 2615 289 2695 Vincta
313 2622 330 2669 ⁶
349 2620 553 2714 verbenis,
578 2639 669 2700 avet
689 2623 893 2699 immolato

293 2745 471 2850 Spargier
493 2766 509 2816 7
534 2778 646 2855 agno.
705 2833 707 2836 ,

140 2870 326 2950 8Cuncta
350 2873 507 2950 festinat
529 2902 668 2950 manus
691 2906 700 2950 ε
725 2872 802 2949 huo
827 2891 865 2951 et
887 2873 983 2951 illue

140 2998 339 3076 Cursitant
362 2998 485 3074 mistae
499 3001 637 3108 'pueris
662 2999 831 3103 puellae:

142 3141 159 3194 9
178 3127 387 3203 Sordidum
410 3118 984 3232 flammaet1·epida11t·rotantes
1075 3105 1077 3110 Ι

289 3252 451 3332 Vertice
478 3252 658 3330 fumum,

84 3396 95 3427 r
111 3378 174 3431 Vini
186 3378 295 3433 Albani,
308 3395 325 3431 2
337 3379 434 3452 Apium
444 3379 601 3452 ebrietatem
636 3397 695 3449 mus
706 3376 829 3453 splendet
838 3393 957 3451 argento.
968 3377 986 3432 6
996 3379 1083 3435 Castis
1092 3398 1119 3437 et
1127 3384 1201 3460 puris

52 3456 140 3529 pellit,
157 3478 183 3516 et
201 3463 235 3517 ab
253 3462 366 3518 Horatio
388 3465 417 3515 in
436 3463 515 3518 rebus
532 3463 600 3518 lastis
635 3460 748 3529 herbis,
776 3460 967 3535 frondibusque
989 3461 1063 3517 festis
1083 3465 1121 3520 ad*
1142 3485 1203 3518 aras

52 3537 207 3612 adhibetur,
230 3547 350 3618 quamvis
376 3545 477 3599 Grecis
495 3566 600 3620 semper
636 3541 811 3597 coronandae.
833 3563 848 3616 7
864 3546 934 3617 Agni
948 3550 1056 3601 mactati
1069 3550 1199 3622 sangnine

51 3618 95 3676 hit
108 3624 227 3697 lugubre.
245 3627 315 3681 Vide
333 3627 393 3683 Ode
409 3648 503 3702 mvn
516 3629 564 3685 lib.
579 3652 599 3685 ι.
636 3631 737 3700 aspergi
751 3643 778 3680 et
790 3627 875 3681 imbui
889 3643 966 3695 avet,
983 3628 1080 3696 idest,
1094 3627 1200 3683 videtur

51 3702 68 3755 ὅ
78 3707 123 3759 Est
133 3710 200 3763 mihi
213 3730 308 3784 magna
320 3713 398 3784 copia
410 3711 530 3777 hederae,
541 3733 600 3786 quae
636 3711 1014 3782 cupere.80mnesadhibent
1021 3711 1201 3784 diligentiam..

50 3783 151 3844 baceho
160 3809 314 3848 consecrata
323 3810 372 3849 est.
383 3804 400 3861 4
411 3796 491 3869 Qua(
498 3795 601 3849 scilicet
636 3814 655 3866 9
668 3794 794 3848 Flammae
808 3812 965 3868 generantes
978 3797 1083 3867 nigrum
1093 3792 1201 3848 fumum

50 3887 143 3927 corona
162 3896 197 3932 ex
213 3877 312 3932 hedera
333 3876 427 3952 facta)
444 3893 473 3931 tu
494 3897 601 3933 comam
635 3879 666 3930 in
678 3880 806 3934 verticem
815 3898 879 3938 cum
891 3877 995 3956 hepido
1007 3891 1083 3932 motu
1095 3892 1206 3962 rursum!

50 3947 145 4017 tahar
153 3959 294 4044 religatam
304 3960 405 4037 fulgere
417 3960 495 4022 soles·
510 3961 602 4038 5⁰9·-
635 3960 767 4038 teruntur,
