2842 4750
965 182 969 216 l

614 305 653 374 o
707 300 984 359 nostru

373 449 451 526 Res
474 445 688 538 ordineiris,
715 461 745 496 11
773 445 918 550 grande
944 469 1087 522 munus

363 592 368 600 '
425 592 457 627 ¹²
483 573 673 681 Cecropio
696 553 846 677 repetes
868 556 1087 667 cothurno,

324 703 357 755 ¹³
380 700 534 804 Insigne
558 698 703 775 moestis
727 699 950 801 praesidium
971 698 1074 792 reis,

324 830 374 906 Et
397 825 637 930 consulenti,
658 823 810 916 Pollio,
837 824 984 915 surim,

371 950 664 1031 eutulanus
688 966 848 1027 aeternos
875 949 1038 1026 honores
1131 1038 1134 1047 A

425 1078 458 1127 15
479 1071 713 1153 Dalmatico
726 1075 876 1180 peperit
900 1072 1109 1177 triumpho.

276 1203 279 1213 ¹
322 1210 360 1278 ⁴1⁶
384 1208 477 1284 Jam
500 1235 606 1282 nunc
630 1222 662 1273 1⁷
683 1204 831 1295 minaci
853 1231 1053 1281 murmure
1076 1228 1264 1279 cornuum

326 1332 360 1385 18
381 1331 611 1434 Perstringis
635 1358 748 1406 eures
769 1361 777 1406 :
799 1327 881 1428 jam
902 1327 992 1404 litui
1017 1343 1216 1432 strepunt:

351 1544 353 1547 ¹
376 1458 472 1532 Jem
495 1454 622 1558 fulgor
645 1481 838 1530 armorum
862 1451 1020 1556 fugaces

429 1582 565 1654 Terret
587 1602 728 1679 equos,
751 1575 1005 1680 equitumque
1024 1575 1165 1652 vultus.
1248 1582 1251 1585 ’
1296 1583 1301 1607 ”

327 1702 479 1778 Audire
504 1730 662 1804 magnos
685 1699 766 1800 jam
791 1701 927 1777 videor
950 1702 1068 1781 duces
1177 1720 1180 1723 ’

328 1843 361 1895 19
383 1831 473 1905 Non
492 1829 675 1904 indecoro
699 1827 859 1931 pulvere
883 1827 1081 1919 sordidos,

379 1972 414 2008 ²0
432 1959 641 2051 Etcunctn
665 1973 855 2055 terrarum
878 1953 1068 2047 subacta,

431 2083 576 2157 Praeter
601 2096 773 2156 atrocem
796 2079 972 2154 animum
997 2077 1164 2156 Catonis.

330 2205 462 2297 Juno,
489 2220 527 2279 et
554 2186 728 2279 Deorum
752 2202 927 2308 quisquis
949 2218 981 2254 11
1008 2184 1173 2277 amicior

328 2328 464 2420 Afris,
488 2344 522 2380 11
545 2326 670 2433 inulta
694 2342 859 2403 cesserat
880 2326 1071 2429 impotens

380 2453 566 2543 Tellure,
588 2451 841 2528 2³.viotorum
868 2471 1025 2556 nepotes

429 2577 597 2657 Rettulit
622 2577 782 2653 inferias
802 2578 1024 2683 Jugurthae.

230 2776 370 2833 historiam
381 2812 389 2840 ‚
402 2792 459 2848 quae
469 2793 511 2828 res
522 2771 644 2847 publicas
653 2776 791 2840 continet,
827 2792 882 2844 tas,
892 2777 910 2831 d
925 2776 1029 2842 Pollio,
1042 2793 1074 2831 nt
1084 2780 1137 2849 jam
1147 2776 1215 2833 mihi
1228 2776 1322 2835 videar
1332 2793 1382 2834 nou

227 2862 314 2915 soluta
328 2860 448 2912 oratione
461 2858 659 2930 conscripseris.
677 2880 703 2913 ιι
718 2860 791 2911 Tru·
827 2859 938 2927 audire,
949 2859 996 2914 sed
1008 2862 1135 2915 interesse
1149 2861 1246 2935 praeliis
1255 2882 1314 2936 quae
1323 2881 1381 2917 nar-

227 2943 321 3016 goediae
332 2943 519 3016 scriptionem,
533 2959 591 3012 quae
602 2940 713 3013 grandia
721 2961 792 2996 con·
827 2963 878 2999 ras.
901 2963 932 3016 ¹7
952 2944 1093 2999 Murmure
1111 2960 1225 3000 mortem
1238 2947 1382 2999 minitante.

226 3030 313 3094 tinet,
332 3024 479 3092 revocabis.
507 3042 538 3076 12
557 3023 717 3080 Atheniensi
739 3046 792 3081 co·
831 3027 1384 3105 18Percutiwelobtundisaureu.19Put-

228 3110 327 3163 thurno
343 3109 418 3185 (quo
431 3106 541 3182 tragoedi
560 3109 590 3160 in
605 3108 716 3185 theatris
730 3109 792 3165 cal-
823 3133 889 3171 ¹vere
910 3112 1026 3187 glorioso
1051 3110 1194 3179 sordidos,
1222 3117 1267 3187 qui
1289 3115 1384 3168 fortiter

226 3193 432 3266 ceabantur)sic
444 3191 793 3269 dictoiCecropeAthena-
821 3211 975 3271 ,pugnantes
992 3214 1040 3270 pro
1062 3196 1152 3268 patriae
1172 3194 1296 3251 libertate
1314 3195 1383 3249 ceci-

228 3298 290 3333 rum
302 3297 381 3350 rege,
400 3278 446 3349 qui
457 3280 558 3349 primus
570 3278 676 3351 scripsit
689 3295 791 3353 tragoe—
827 3279 985 3354 derunthno
1001 3279 1037 3331 Et
1049 3296 1144 3332 omnes
1158 3293 1288 3346 terrarum
1305 3290 1384 3353 partes

227 3358 296 3414 dias.
317 3357 560 3433 r3OPollio‚qui
573 3362 626 3413 reis
638 3363 751 3435 insignis
764 3383 792 3417 es
826 3361 941 3435 imperio
967 3360 1086 3414 Romi
1111 3362 1215 3417 Caesare
1242 3362 1385 3435 subjugatas

226 3457 372 3519 patronus,
388 3456 416 3495 et
427 3443 522 3507 curin,
538 3440 632 3508 idest,
644 3446 748 3497 senatui
762 3446 792 3497 in
826 3455 921 3518 preter
935 3446 1067 3498 invictum
1084 3448 1205 3500 animum
1222 3446 1343 3500 Catonis.

225 3523 368 3579 statuendo
382 3523 416 3577 de
428 3543 484 3596 rep.
498 3523 544 3577 das
557 3523 718 3591 consilium,
733 3524 792 3582 idtl
862 3545 894 3580 αι
919 3529 974 3599 Qui
996 3528 1097 3582 faverat
1119 3527 1247 3583 Numidis
1267 3521 1384 3582 inibello

225 3622 254 3661 te
264 3608 411 3681 expetenti.
431 3606 791 3681 14Victoria,quseleurtun
825 3610 996 3684 iugurthino.
1016 3629 1050 3664 22
1068 3612 1108 3665 Ab
1125 3610 1216 3666 Africa
1235 3610 1385 3666 discesserat

225 3693 334 3746 meruit.
350 3690 379 3743 15
394 3689 521 3742 Salonam
533 3690 676 3746 Dalmatica
689 3694 789 3747 civita-
824 3690 898 3747 haud
922 3708 1026 3766 potens.
1041 3714 1119 3747 snum
1149 3693 1243 3747 odium
1272 3690 1382 3764 explere·

224 3787 282 3827 tem
307 3776 409 3828 vicerat
432 3772 544 3840 Pollio,
570 3772 604 3827 de
625 3794 679 3848 qua
695 3792 791 3849 egerat
826 3778 861 3830 23
874 3779 1056 3832 Rornanorum
1071 3792 1192 3851 posteros
1208 3796 1293 3851 nuper
1308 3788 1383 3828 cesos

225 3856 401 3933 triumphum.
685 3924 688 3926 Α
785 3887 787 3894 1
825 3863 855 3915 in
870 3860 960 3917 Africa
971 3864 1114 3930 mactavit,
1128 3877 1254 3935 tauquam
1267 3860 1382 3913 victimat

243 3933 247 3941 ⁴
267 3940 299 3995 16
308 3943 378 4019 Tam
392 3939 518 4027 graphice
532 3943 660 4016 exprimis
671 3960 714 4001 res
727 3961 791 4019 ges,-
825 3944 961 4019 Iugurthae
978 3944 1103 4012 menibus
1118 3942 1306 4017 immolandas.¹
