2842 4750
201 264 277 347 274
602 265 640 339 o.
693 266 973 328 nonsrrr

201 413 399 489 Pastorem
417 406 574 484 saltaret
594 409 652 485 uti
670 409 702 461 ⁸¹
727 408 899 515 Cyclopa
913 411 1137 518 ,rogabatt

199 540 268 616 Nil
283 538 343 614 illi
365 537 398 589 ⁸2
418 537 553 630 larva,
573 556 641 614 aut
661 538 819 644 tragicis
836 568 930 643 opus
947 568 1026 619 esse
1044 542 1078 594 33
1096 542 1306 625 cothurnis.

197 665 234 732 ⁸4
250 663 379 741 Multa
397 665 569 742 Cicirrus
586 665 637 739 ad
655 665 740 741 haec
757 693 767 743 t
786 667 964 743 donasset
978 667 1107 765 jamne
1124 669 1158 720 35
1177 661 1364 747 catenam

197 789 233 841 33
251 790 310 864 Ex
330 803 420 864 voto
441 784 637 878 Laribus,
662 787 865 890 querebat
882 820 891 866 ε
909 787 1038 866 scriba
1054 790 1161 895 quod
1179 795 1302 886 esset,

194 911 230 981 37
247 912 431 990 Deterius
447 910 574 987 nihilo
593 911 763 988 dominae
780 911 840 1009 jus
858 942 950 994 esse.
977 915 1161 1020 Rogabat

195 1039 379 1143 Denique
395 1095 416 1130 ,ι
434 1064 504 1114 cur
520 1065 696 1142 unquam
718 1038 753 1091 33
773 1038 958 1143 fugisset,
981 1039 1045 1116 cui
1066 1040 1102 1109 39
1117 1040 1209 1118 satis
1225 1068 1305 1118 una

194 1165 325 1244 Farris
345 1161 447 1240 libra
470 1161 596 1255 foret,
619 1162 855 1266 gracilius,
875 1159 1036 1269 tamilue
1057 1162 1209 1269 pusillo,

193 1292 352 1368 Prorsus
369 1286 539 1385 jucunde
556 1316 708 1364 coenam
726 1289 981 1392 produximus
996 1290 1119 1369 illam.

193 1414 408 1494 Tendimus
433 1411 526 1489 bino
550 1429 660 1489 recta
684 1431 719 1482 90
743 1416 1039 1508 Beneventum,
1061 1414 1132 1491 ubi
1153 1429 1186 1482 9Ῑ
1209 1412 1366 1492 sedulus

396 1526 532 1628 hospes
805 1537 810 1544 ’

190 1654 298 1731 Pene
320 1649 437 1744 arsit,
456 1675 608 1727 macros
628 1651 724 1728 dum
743 1651 876 1730 turdos
896 1668 1025 1732 versat
1040 1651 1087 1732 in
1105 1652 1225 1756 igne:

191 1779 297 1868 Nam
318 1804 420 1881 vaga
441 1804 511 1879 per
532 1790 707 1853 veterem
728 1773 879 1878 dilapso
900 1777 1059 1854 flamma
1079 1777 1254 1854 culinam

74 1965 76 1969 -
190 1924 226 1978 92
244 1908 449 1998 Vulcano,
471 1932 670 1982 summum
687 1903 922 2007 properabat
937 1904 972 1973 93
986 1903 1161 1982 lambere
1177 1923 1339 1987 tectum.

190 2031 387 2112 Convivas
409 2030 545 2108 avidos
565 2056 744 2123 coenam,
765 2057 970 2133 servosque
994 2030 1175 2108 timentes

188 2175 225 2226 94
235 2161 341 2234 Tum
352 2171 638 2261 rapere‚atque
649 2155 1033 2258 omnesrestinguere
1043 2155 1185 2234 velle9⁵
1196 2158 1371 2241 videres..

186 2281 333 2386 Incipit
354 2310 403 2358 ex
424 2279 494 2358 illo
514 2295 664 2357 montes
685 2279 834 2383 Apulia
856 2282 891 2347 93
911 2296 1021 2359 notos

189 2411 395 2486 Ostentare
416 2405 544 2500 mihi,
566 2434 661 2509 quos
681 2421 802 2482 torret
817 2423 852 2476 97
867 2405 1089 2502 Atabulus,
1111 2426 1150 2488 et
1168 2440 1263 2514 quos

188 2537 405 2638 Nunquam
425 2533 460 2601 93
481 2559 728 2636 erepsenrus,
754 2531 828 2609 nisi
850 2561 919 2610 nos
939 2534 1073 2611 vicina
1089 2552 1125 2603 99
1147 2536 1303 2614 Trivici

188 2660 300 2753 Villa
318 2663 524 2764 recepisset
542 2678 554 2712 ¹
574 2661 792 2764 lacrymoso
809 2691 887 2738 non
903 2663 986 2740 sine
1004 2663 1139 2756 sumu,

186 2792 328 2868 'Udos
346 2817 438 2864 cum
457 2788 560 2866 soliis
582 2816 710 2866 ramos
729 2802 865 2887 urente
890 2789 1057 2867 camino.

223 2996 254 3048 81
277 2993 316 3048 Ut
334 2991 457 3047 saltando
480 2993 643 3065 exprimeret
664 2990 753 3067 Poly·
815 2986 1363 3067 poUrbeminugruSamnitum.9rHos·

186 3079 366 3159 phenenua
373 3078 484 3151 Propter
490 3075 590 3130 foedam
597 3078 753 3131 cicatricem
788 3095 836 3155 pes
848 3072 963 3149 diligens
976 3091 1004 3131 et
1016 3074 1159 3130 officiosus.
1174 3096 1209 3150 92
1228 3079 1286 3152 lgni
1298 3077 1361 3132 dis-

187 3179 216 3220 et
231 3162 310 3217 faciei
330 3162 481 3216 hirsutiem.
508 3160 542 3213 83
562 3162 673 3235 Propter
689 3179 754 3212 ma·
788 3179 876 3236 perso·
887 3159 922 3235 93
935 3159 1109 3232 contingere.

186 3265 270 3320 gnam
288 3246 406 3319 corporis
428 3261 567 3299 staturam.
824 3242 1357 3319 94liapereeilamma‚utcoenamser-

222 3345 257 3410 84
269 3340 359 3396 Multa
374 3340 492 3397 Cicirrus
502 3328 572 3393 dixit
581 3341 611 3393 in
621 3339 754 3394 Sarmen-
790 3342 894 3382 vatent.
913 3326 948 3401 95
963 3322 1063 3381 Videre
1076 3318 1186 3382 licebat.

185 3443 254 3483 tum.
271 3426 304 3480 85
318 3425 470 3488 Carenem,
489 3442 543 3496 qua
556 3423 643 3478 fuerat
657 3424 754 3496 ligatur
826 3423 862 3496 96
879 3422 945 3477 Nori
960 3437 1036 3477 erant
1045 3422 1086 3476 illi
1102 3439 1209 3487 montes
1224 3414 1361 3492 Horatio,

184 3512 261 3586 quasi
271 3527 377 3575 servus,
392 3522 420 3561 et
430 3525 482 3580 qua
492 3506 547 3578 jam
556 3508 753 3575 manumissus,
789 3509 852 3580 quia
860 3509 918 3581 ipse
936 3522 1063 3561 natusest
1072 3506 1219 3581 inApulia.
1238 3527 1273 3583 97
1285 3511 1361 3563 Ven-

186 3595 274 3652 fuerat
289 3592 426 3646 liberatus.
451 3589 486 3642 86
506 3588 627 3663 {rogabat
650 3588 754 3644 uumd
788 3605 832 3645 tus
864 3589 967 3664 Apuliae
998 3590 1120 3647 infestus.
1149 3593 1184 3665 98
1206 3592 1361 3667 Nunquam

181 3678 248 3734 vloco
263 3678 325 3731 Diis
336 3673 450 3728 Laribus
462 3691 537 3725 sacro
551 3687 676 3741 catenam
689 3692 752 3727 sus-
789 3676 994 3747 erepsissemus‚
1009 3672 1040 3729 id
1054 3691 1116 3739 est,
1132 3676 1362 3730 transivissemus.

185 3760 332 3835 pandisset.
339 3755 564 3830 87Nihilominus
573 3775 752 3821 servumesse.
788 3776 826 3830 99
836 3758 997 3824 Trivicum,
1012 3756 1141 3833 oppidum
1157 3772 1197 3811 est
1212 3758 1243 3811 iri
1258 3757 1361 3812 finibus

187 3847 224 3897 88
244 3841 328 3918 Quod
345 3842 361 3895 d
379 3840 556 3913 dominusne
572 3841 655 3893 nimis
673 3861 753 3914 parce
786 3841 954 3914 ‚Campaniae
987 3863 997 3894 1
1017 3844 1102 3895 Fumo
1124 3840 1255 3915 lacrymas
1269 3860 1363 3894 excu-

188 3910 315 4001 aleretun·
333 3929 368 4003 89
386 3924 429 3981 Ad
444 3924 698 3980 dinnum'victum.
787 3925 886 3999 cicuta
897 3923 1180 4000 adamoshumidos,
1192 3923 1235 3980 rel
1247 3922 1363 3995 titides,=
