2842 4750
176 326 269 401 '312
485 377 489 384 ·
574 348 612 417 o.
665 343 944 430 aona-ris

190 508 316 583 Iratus
331 505 425 598 tihi,
441 505 546 612 quod
562 505 666 600 vini,
680 506 883 611 somnique
895 522 913 573 4
924 504 1116 609 benignus

191 630 263 708 Nil
277 630 439 734 dignum
458 633 474 681 ⁵
489 658 663 708 sermone
681 657 808 711 canas.
826 630 933 735 Quid
945 630 1033 710 fiet?
1048 630 1100 707 ab
1118 629 1211 735 ipsis

192 759 211 809 ⁶
230 758 498 835 Saturnalibus
517 757 594 833 huc
608 757 762 862 fugisti,
778 758 945 860 sobrius3
964 786 1054 862 ergo
1127 792 1134 800 ·

191 882 271 959 Dic
285 873 437 987 aliquid
451 883 611 985 dignum
626 884 818 988 promissis
830 916 841 962 t
853 884 996 988 incipe.
1023 882 1119 958 ⁷Nil
1135 898 1200 958 est.

193 1004 410 1108 Culpantur
424 1006 563 1083 frustra
578 1007 739 1099 calami,
753 1006 770 1058 ⁸
786 1007 1082 1111 immeritusque
1097 1004 1249 1082 laborat

193 1131 308 1207 Iratis
322 1147 434 1208 natus
450 1149 467 1199 9
484 1133 610 1235 paries
626 1135 719 1229 Dis,
731 1151 852 1238 atque
870 1132 1008 1211 Poe-tis.

191 1262 318 1364 Atqui
334 1260 464 1342 vultus
479 1280 562 1337 erat
577 1262 723 1356 multa,
741 1278 779 1339 et
796 1261 983 1366 praeclara
1002 1276 1034 1312 10
1051 1256 1252 1348 minantis,

193 1385 235 1461 Si
256 1401 475 1463 11vacuurn
492 1403 523 1438 1²
541 1388 672 1491 tepido
692 1388 854 1492 cepisset
870 1384 1009 1464 villula
1026 1402 1138 1462 tecto.

194 1515 392 1615 Quorsum,
402 1514 590 1616 pertinuit
605 1514 637 1565 ¹3
651 1516 792 1621 stipare
811 1512 973 1593 Platona
990 1512 1231 1589 Menandro?
1305 1586 1308 1590 ,

194 1641 384 1746 Eupolin,
399 1641 659 1736 Archilocho,
674 1642 833 1724 comites
847 1643 1176 1728 educeretantos?

195 1785 232 1835 14
249 1770 449 1846 Invidiam
463 1770 617 1873 placare
635 1798 769 1873 paras,
787 1770 818 1821 ¹⁵
835 1770 980 1847 virtute
997 1766 1165 1843 relicta?

197 1897 475 1988 Contemnere,
487 1896 612 1974 miser.
628 1894 802 1974 Vitanda
820 1910 875 1970 est
888 1890 1063 1994 improba
1080 1889 1190 1966 Siren

199 2020 235 2071 1⁶
249 2019 431 2115 Desidia;
447 2037 535 2113 aut,
550 2019 744 2123 quidquid
760 2035 794 2087 17
807 2018 889 2098 vita
903 2014 1064 2098 meliore
1076 2011 1236 2118 persisti,

200 2142 236 2196 ¹⁸
251 2143 481 2232 Ponendum
497 2171 609 2248 aequo
629 2138 773 2220 auimo.

608 2304 957 2421 Honarrus

718 2448 762 2538 ‘¹9
775 2472 897 2563 Dite,
915 2472 1171 2577 Damasippe,
1192 2473 1359 2576 Deaeque

175 2658 177 2660 -
201 2617 237 2654 ²⁰
253 2604 405 2681 Verum
421 2602 475 2679 ob
489 2600 695 2679 consilium
711 2599 856 2677 dorteut
873 2615 905 2651 21
924 2615 1086 2678 tonsure.
1103 2601 1180 2677 Sed
1194 2601 1293 2681 unde

204 2716 308 2802 Tarii
324 2724 424 2802 bene
438 2753 502 2800 me
518 2728 641 2803 ndsti?
1098 2720 1101 2725 ‘
1121 2708 1124 2716 Ι

202 2909 348 2984 aliquando
369 2911 521 2982 scripseras.
542 2909 633 2976 4Vini
652 2908 761 2982 largus,
796 2907 1018 2978 ret,iuscribers.·
1036 2906 1360 2982 {ollula-promittentis·

205 2994 236 3047 id
249 3009 302 3058 est,
314 2995 429 3047 nimium
445 2991 557 3059 bibens,
575 3008 602 3046 et
617 2991 762 3047 donniens.
830 2987 866 3045 ἰι
882 2992 923 3044 Te
933 2993 1058 3053 otiosum,

243 3077 259 3128 5
274 3075 323 3130 Nil
340 3074 415 3130 dictu
432 3074 565 3148 dignum,
576 3074 649 3149 quod
665 3075 765 3149 Satyris
839 3093 871 3127 ια
886 3074 1013 3128 Horatius
1029 3073 1110 3128 domo
1126 3073 1219 3148 tepida
1244 3073 1360 3136 debota-j

205 3157 358 3213 mandetur.
540 3208 545 3221 ,
734 3152 738 3162 “
799 3155 970 3237 batumum
980 3155 1084 3229 frigoris
1095 3159 1309 3232 aratimpatisns.

244 3240 622 3308 utostdiessarumoucros,
635 3239 768 3315 inquibus
844 3239 875 3293 ιδ
892 3241 976 3310 Quasi
993 3242 1132 3312 stipatores
1145 3256 1237 3295 tecum
1252 3240 1362 3295 educere

207 3341 305 3395 magua
314 3339 369 3376 erat
377 3324 488 3397 potandi
498 3328 589 3398 copia,
599 3325 670 3390 huc,
680 3322 768 3390 idest,
804 3323 960 3383 invillulam
969 3325 1112 3379 rusticana'l.
1125 3333 1155 3394 ¹4
1165 3323 1298 3378 Invidiam
1305 3325 1362 3377 vir-

207 3405 244 3460 ad
255 3404 346 3459 villam
359 3404 464 3478 fugisti,
478 3423 507 3460 ut
519 3407 657 3462 scriberes.
786 3406 942 3463 tutistuss
960 3407 1096 3460 comitem.
1121 3406 1154 3459 15
1173 3408 1214 3460 lta
1232 3422 1264 3461 ut
1280 3408 1365 3461 maris

244 3508 261 3561 7
279 3487 327 3554 ld,
346 3487 474 3560 quidam,
491 3505 518 3543 et
536 3509 627 3545 versus
646 3490 699 3545 duo
721 3509 769 3545 se-
805 3487 1157 3554 otiari,etnihilscriberet
1236 3514 1242 3525 ·

208 3587 320 3647 quantes
334 3571 368 3625 ab
378 3572 490 3625 Horatio
503 3573 558 3627 dici
574 3573 678 3629 volunt.
698 3574 770 3629 Cul-
823 3606 825 3611 ·
845 3571 877 3625 16
889 3571 1000 3626 Desidia
1019 3572 1107 3627 Sireni
1127 3572 1222 3626 similis
1235 3612 1243 3639 ‚
1262 3575 1367 3627 animos

207 3672 305 3730 pantur
325 3654 420 3708 calami
437 3655 471 3707 ad
489 3656 660 3719 scribendum
681 3661 783 3719 minus,
805 3654 947 3715 homiuum
969 3654 1130 3728 'corrumpin
1165 3674 1196 3727 ¹7
1231 3657 1366 3709 Virtutem

209 3741 274 3812 apti.
287 3740 306 3791 8'
317 3741 453 3791 immerito
465 3739 512 3792 abs
523 3755 549 3792 te
558 3755 671 3794 vexatur
684 3743 771 3814 paries
806 3737 968 3799 exercendo.
993 3739 1024 3791 18
1043 3738 1245 3810 Deponendum
1264 3753 1323 3803 est,
1340 3754 1368 3791 et

208 3820 369 3886 edificatus,
386 3823 449 3877 Diis
466 3837 494 3875 et
513 3822 601 3875 Poetis
614 3821 685 3877 male
703 3841 772 3895 pro-
805 3818 988 3892 abjiciendum
1010 3822 1154 3894 patienter.
1183 3841 1214 3893 ¹9
1240 3821 1368 3875 Horatius

207 3904 288 3973 pitiis.
314 3924 332 3976 9
354 3905 385 3957 ln
408 3906 509 3977 parieta
534 3919 624 3957 cerato
649 3903 772 3959 solebant
806 3904 868 3957 satis
883 3903 996 3958 ridicule
1011 3906 1107 3978 gratias
1124 3905 1178 3976 agit
1192 3905 1365 3976 Damasippo.

207 3985 548 4060 Potitsafliquidnoctuin
558 3991 771 4055 mentemueuiq
840 4004 876 4042 ac
893 3987 937 4044 Ob
956 4003 1058 4043 ractttm
1077 3986 1228 4042 consilium.
1252 4004 1283 4039 sr
1311 3987 1367 4057 Qui
