2842 4750
253 348 877 424 urrsrornnuu'tru.
929 338 1021 421 rr.=
1120 362 1193 439 44¹

23 501 64 552 ²⁶
78 485 298 602 insequeris
315 474 446 573 tamen
464 495 593 586 himo,
610 511 645 561 ²7
663 511 702 570 et
719 491 788 570 lite
804 493 965 569 moraris
982 493 1131 598 iniqua.

23 623 126 698 Dixi
153 650 214 698 me
238 619 336 674 2⁸
300 608 454 723 pigrum
479 619 737 739 proficiscenti
763 617 860 710 tibi,
887 617 969 694 dixi

22 761 61 814 29
81 745 246 822 Talibus
264 745 400 820 officiis
416 772 536 849 prope
550 770 758 834 mancum,
776 771 825 818 ne
844 769 933 855 mea
948 742 983 793 ³0
998 762 1171 817 saevus

22 869 54 943 J
56 895 217 971 urgeres
235 869 285 943 ad
301 884 339 941 te
356 867 459 970 quod
478 865 636 968 epistola
644 860 762 942 nulla
779 861 943 953 veniret.

24 993 58 1043 31
79 994 188 1095 Quid
202 1010 285 1067 tum
306 991 472 1094 profeci,
490 993 523 1044 3²
539 1019 695 1067 mecum
714 987 928 1066 facientia
917 1013 1003 1087 tura

24 1115 69 1191 Si
90 1131 222 1191 tamen
237 1124 423 1192 attentas?
440 1114 621 1217 Quereris
638 1113 670 1165 33
686 1141 801 1252 super
817 1112 890 1187 boc
910 1111 1048 1202 etiam,
1066 1108 1170 1214 quod

24 1241 247 1346 Expectata
265 1240 339 1317 tibi
356 1271 433 1317 non
449 1241 603 1317 mittam
620 1237 792 1313 carmina
810 1237 845 1301 34
858 1235 1038 1312 mendax.

26 1366 63 1416 35
84 1366 242 1441 Luculli
260 1366 374 1443 miles
388 1367 422 1418 3⁶
440 1365 602 1442 collecta
621 1362 768 1440 viatica
786 1361 921 1438 multis

26 1490 254 1580 AErumnis‚
271 1490 390 1567 lassus
408 1491 502 1567 dum
518 1506 635 1565 noctu
650 1487 796 1578 stertit,
813 1487 847 1553 37
862 1486 913 1561 ad
930 1509 1060 1573 assem

24 1614 283 1691 Perdideratt
300 1633 380 1718 post
391 1613 464 1690 hoc
472 1614 505 1665 33
513 1611 723 1689 vehemens
734 1608 997 1713 lupus‚etsibi
1008 1609 1087 1685 et39
1097 1604 1197 1684 hosti

24 1738 158 1813 Iratus
185 1738 356 1840 pariter,
384 1738 525 1837 jejunis
554 1737 735 1814 dentibus
766 1765 881 1828 acer,

24 1881 62 1932 40
82 1862 313 1942 Praesidium
328 1865 455 1969 regale
473 1882 505 1931 41
525 1865 610 1941 loco
625 1864 789 1960 dejecit,
804 1880 848 1938 ut
865 1862 999 1956 aiunt,

28 1992 193 2064 Summe
208 1988 384 2097 munite,
403 2004 441 2064 et
457 1987 668 2063 multarum
683 1986 814 2061 divite
823 2012 966 2063 rerum.
1009 2006 1013 2010 “
1092 2066 1096 2073 ,

26 2114 172 2190 Clarus
189 2112 239 2188 ob
255 2113 297 2187 id
314 2113 484 2204 factum,
503 2111 613 2188 donis
632 2128 790 2188 ornatur
804 2127 838 2178 42
856 2112 1091 2188 honestist'

25 2237 194 2341 Accipit
211 2254 248 2312 et
265 2236 325 2313 bis
343 2237 443 2313 dena
459 2237 492 2302 43
512 2264 625 2340 super
642 2236 813 2329 sestertia
830 2237 1047 2313 nummirmss

27 2365 149 2441 Forte
163 2378 198 2429 44
214 2360 286 2440 sub
304 2361 378 2439 hoc
396 2378 571 2465 tempus,
588 2335 789 2438 castellum
804 2378 978 2438 evertere
992 2361 1026 2426 4⁵
1040 2362 1186 2437 Praetor

28 2488 177 2564 Nescio
191 2488 296 2592 quod
311 2487 490 2588 cupiens,
505 2484 651 2563 hortari
669 2486 786 2588 coepit
802 2487 838 2553 4⁶
854 2487 1060 2578 eumdem,

28 2613 178 2693 Verbis
192 2644 279 2718 quai
295 2613 432 2689 timido
447 2617 602 2716 quoque
617 2629 768 2715 possent
782 2610 926 2687 addere
941 2627 975 2678 47
990 2626 1174 2690 mentem.

3 2821 5 2827 ,
28 2734 66 2809 43
84 2739 264 2832 I,bone,
280 2766 357 2843 quo
373 2739 496 2814 virtus
513 2753 632 2813 tuate
648 2754 781 2829 vocat;
798 2735 834 2827 i,
849 2752 884 2802 49
900 2735 999 2841 pede
1021 2736 1167 2824 fauste,

70 2914 109 2968 26
117 2915 164 2969 Me
170 2933 265 2987 quasi
258 2915 444 2971 venditorem
456 2910 601 2992 perteque-
635 2934 695 2981 est,
714 2938 773 2971 sive
785 2917 865 2969 cibus
878 2923 935 2979 sit,
952 2935 1015 2969 sive
1024 2932 1147 2987 pecunia
1160 2912 1204 2966 ad

4 2996 502 3081 ris.271niquelitigasmeeum‚
526 3004 600 3073 qussi
635 3007 746 3053 victum
755 2998 950 3072 expendenda
968 2999 1002 3069 37
1015 2998 1054 3050 lta
1068 2997 1156 3050 utrix
1172 2996 1199 3049 ei

34 3100 102 3135 curn
113 3089 256 3153 mangone.
635 3082 783 3156 quidquam
792 3083 928 3136 restiterit
939 3080 1198 3134 38Acerinimicus.

54 3163 110 3216 28
123 3161 289 3219 certatorem
301 3181 364 3216 etse.
377 3181 414 3236 ²9
426 3160 468 3216 Ad
477 3161 601 3216 scrrben
635 3165 671 3236 39
687 3165 767 3219 Hostr
779 3162 976 3218 Mithridatico
993 3171 1028 3228 4ο
1043 3161 1202 3217 Praesidium

4 3302 6 3309 s
32 3245 104 3300 dum
119 3265 175 3301 esse
188 3248 329 3319 ineptum,
343 3249 408 3301 utis
421 3247 467 3319 qui
480 3244 603 3300 manibus
636 3246 813 3301 Mithridatis.
833 3255 865 3314 41
884 3249 960 3300 Loco
974 3243 1053 3301 valde
1073 3248 1200 3313 munito,

4 3321 6 3332 ’
37 3345 121 3384 caret.
136 3329 171 3382 50
182 3331 275 3384 lratus
636 3328 780 3403 multisque
791 3328 871 3384 rebus
883 3327 979 3381 referto
988 3325 1100 3402 depulit

4 3450 6 3476 r
73 3414 105 3468 31
122 3414 227 3466 Vitium
238 3410 515 3486 meumpraedicendo.
528 3411 601 3465 3251
671 3421 706 3480 42
717 3414 805 3466 Dorus
814 3410 977 3466 honorificis
988 3411 1022 3478 43
1033 3412 1130 3468 Praeter
1139 3410 1200 3464 haee

3 3497 95 3581 jura
125 3516 170 3551 me
191 3495 343 3568 adjuvantia
364 3495 523 3550 labefactare
549 3514 599 3550 co·-
636 3494 707 3549 dona
737 3499 843 3569 accepit
871 3514 910 3549 11
929 3493 1016 3549 millia
1048 3492 1198 3551 sestertium

4 3632 6 3658 ‚
39 3583 120 3636 neris.
134 3581 171 3635 33
180 3581 308 3650 Quereris
318 3577 352 3634 de
361 3578 414 3633 boc
426 3593 562 3653 practerea.
633 3579 785 3633 nummum.

4 3718 6 3741 p
73 3664 107 3733 34
126 3666 160 3722 In
179 3684 212 3717 eo
227 3663 355 3718 mendax
645 3672 705 3730 44
723 3661 805 3715 Paulo
815 3676 886 3735 post
897 3662 931 3731 45
942 3665 1086 3737 imperator
1095 3655 1200 3712 Lucul

4 3806 5 3809 ¹
74 3747 108 3801 35
128 3747 185 3817 Qui
201 3745 301 3801 bellurn
315 3748 394 3820 gessit
409 3765 471 3799 cum
486 3743 601 3807 'Mithri-
636 3742 688 3798 lus.
712 3745 748 3810 46
775 3743 909 3798 Eumdem
936 3741 1043 3798 Luculli
1073 3739 1202 3794 militem.

41 3828 120 3895 drte,
141 3832 213 3902 Rege
233 3829 323 3882 Ponti.
337 3829 372 3882 36
385 3829 491 3881 viatica
504 3826 601 3901 paula·
636 3836 670 3899 47
682 3829 804 3881 Animos

39 3914 86 3965 tim
97 3928 183 3988 parta.
207 3913 354 3967 Viatieum
368 3912 493 3975 dicitur,
512 3911 602 3985 quid·
672 3913 708 3983 48
729 3912 821 3966 Verba
836 3928 905 3966 sunt
918 3913 1098 3982 imperatoris
1116 3909 1202 3966 mili·-

39 3996 129 4069 quid
118 4014 175 4053 tter
188 3996 293 4071 agendi
308 4016 396 4050 carisa
413 4001 602 4052 necessarium
638 4010 690 4049 tent
701 3994 866 4050 hortantis.
870 4005 908 4067 49
919 3994 997 4046 Bono
1009 3991 1140 4065 auspicio.
1199 4015 1203 4026 r
