2842 4750
332 307 661 362 seruorum
713 296 929 364 rrez'rr.
1134 286 1211 389 347

43 431 202 527 Vellet,
222 435 298 514 iter
312 439 486 530 faciens,
505 453 543 514 et
562 437 627 514 cui
642 437 875 528 concredere
894 464 1015 540 nugas

42 569 78 622 ⁴7
92 559 180 638 Hoc
196 589 339 663 genus:
353 561 387 626 43
408 560 503 637 hora
524 576 641 665 quota
663 570 742 640 est?
763 575 798 628 49
820 560 956 637 Thrax
976 576 1032 637 est
1051 556 1210 638 Gallina

244 687 340 789 Syro
365 695 464 791 par?

43 808 246 889 Matutine
261 816 295 866 ⁵0
311 842 448 918 parum
468 833 600 893 cautos
614 814 694 915 jam
709 815 855 919 frigora
874 813 1077 908 mordent,

44 930 75 981 51
94 936 146 1009 Et
160 966 247 1040 quae
262 938 401 1018 rimosa
422 939 522 1020 bene
542 943 787 1046 deponuntur
807 942 849 1016 in
870 968 976 1020 eure.

45 1059 79 1109 ⁵²
94 1064 172 1137 Per
189 1082 309 1142 totum
327 1066 400 1144 hoc
418 1085 594 1173 tempus,
619 1068 829 1168 subjectior
843 1068 885 1144 iu
901 1067 1009 1144 diem
1024 1064 1214 1172 ethoram

44 1182 226 1265 Invidiae.
245 1189 278 1239 ⁵3
295 1191 434 1266 Noster
450 1191 561 1268 ludos
573 1207 816 1295 spectaverat
832 1218 936 1285 una,

43 1305 212 1386 Luserat
228 1312 270 1388 in
288 1341 451 1419 camp0,
473 1317 504 1392 F
507 1334 655 1392 ortunae
673 1315 801 1408 filius,
822 1342 966 1394 omnes.

39 1429 75 1497 ⁵⁴
93 1435 129 1508 F
128 1435 315 1539 rigidusd
332 1440 626 1520 Rostrismanat
640 1469 709 1546 per
727 1440 896 1544 compita
913 1469 1070 1533 rumor3
1166 1456 1170 1464 '

37 1559 298 1666 Quicumque
310 1564 537 1661 obviasset,
549 1565 1218 1670 ⁵⁵meconsulit,⁵50bone‚nemte

38 1684 180 1779 Scire,
201 1688 236 1755 ⁵7
249 1688 353 1768 Deos
367 1692 553 1795 quoniam
572 1694 729 1797 propius
747 1692 964 1796 contingis,
983 1707 1154 1793 oportet:

42 1812 262 1916 Numquid
279 1814 312 1865 ⁵⁸
327 1815 375 1891 de
392 1816 514 1893 Dacis
530 1817 697 1896 audisti?
714 1818 747 1885 ⁵9
761 1803 830 1892 Nil
843 1817 1040 1920 equidem.
1056 1818 1089 1868 ⁶0
1103 1815 1157 1889 Ut
1173 1832 1219 1918 tu

50 1936 214 2040 Semper
231 1938 306 2016 eris
323 1940 490 2018 derisor!
510 1945 564 2017 At
579 1969 712 2018 omnes
728 1942 782 2017 Dt
795 1944 826 1994 ⁶¹
843 1941 1042 2045 exagitent
1061 1967 1145 2033 me,

50 2064 82 2115 ⁶²
91 2064 129 2142 Si
142 2066 370 2169 quidquem.
378 2069 411 2120 ⁶3
419 2069 937 2173 Quidlmilitilruspromis'su
948 2071 1001 2161 ,⁶4
1011 2066 1220 2172 Triquetra

52 2191 209 2268 Praedia
225 2193 379 2287 Caesa-r,
397 2223 447 2271 an
465 2212 522 2273 est
537 2196 636 2273 Itala
655 2196 794 2273 tellure
811 2196 998 2274 daturus?

52 2316 261 2395 durantem
275 2347 340 2396 me
358 2320 456 2399 scire
473 2319 575 2398 nihil
592 2321 807 2416 mirantur,
828 2337 871 2398 ut
888 2348 1011 2397 unu-m

52 2443 213 2520 Scilicet
233 2446 380 2550 egregii
399 2449 601 2531 mortalem
619 2448 769 2553 altique
789 2447 928 2525 silenti.

53 2573 86 2623 ⁶⁵
105 2575 290 2652 Perditur
304 2575 388 2657 haec
405 2578 508 2656 inter
524 2579 558 2629 ⁶⁶
574 2577 715 2654 misero
731 2576 821 2671 lux,
839 2604 917 2652 non
930 2573 1011 2651 sine
1026 2571 1152 2652 votis:

53 2778 173 2851 recipere
192 2778 221 2828 in
237 2776 357 2832 rhedam.
378 2790 411 2852 47
428 2781 520 2855 Nugas
537 2779 618 2850 hujus
688 2778 787 2839 esne
802 2793 885 2852 rogat.

53 2861 169 2932 generis.
181 2860 216 2924 48
227 2860 361 2914 Maecenas
370 2881 415 2917 me
424 2865 577 2938 interroget.
687 2863 724 2916 56
739 2863 845 2917 Horati.
862 2862 895 2931 57
912 2861 1060 2933 Augustum
1075 2873 1102 2913 et
1116 2858 1223 2912 Mece-

89 2954 126 3015 49
134 2941 618 3021 Threx,quemignavirecausagel-
652 2961 754 3003 netem.
777 2947 813 3000 58
833 2945 904 3000 Cum
926 2945 1011 2997 Dacis
1032 2957 1098 2996 tunc
1116 2940 1221 2996 bellum

52 3024 141 3082 linem
160 3026 300 3093 nominet,
315 3042 343 3080 et
360 3028 456 3101 Syrus,
476 3029 619 3085 ducerent
653 3030 781 3102 gerebant
791 3028 916 3082 Romani.
1027 3054 1029 3058 v

54 3107 227 3181 gladiatores.
237 3109 272 3163 50
286 3108 354 3164 Sunt
365 3128 459 3184 parum
471 3115 559 3177 cauti,
572 3116 618 3188 qui
688 3114 728 3184 59
743 3116 788 3166 De
807 3112 890 3165 Dacis
914 3107 990 3163 nrlril·
1012 3106 1112 3178 audio,
1130 3109 1225 3189 inquit.

55 3191 104 3244 sub
129 3190 214 3246 linem
236 3195 368 3247 Autumni
393 3208 504 3247 utuntur
529 3194 618 3250 adhuc
654 3197 792 3250 Horatius.

56 3291 129 3330 veste
139 3277 240 3330 estiva.
254 3276 285 3329 51
302 3277 369 3346 Quas
382 3275 492 3350 garrulis
502 3279 560 3332 sine
568 3297 619 3352 pe-
689 3281 725 3339 tio
735 3278 804 3332 Sunt
813 3276 894 3331 verba
904 3279 1125 3350 percuncteturis.

57 3359 139 3413 siculo
150 3375 262 3434 possunt
272 3361 415 3416 committi.
689 3362 721 3416 61
735 3363 782 3415 Dii
792 3360 862 3416 male
872 3376 1035 3414 mererent.
1046 3360 1081 3415 62
1090 3360 1203 3414 Audivi.

70 3443 126 3496 -52
143 3444 194 3498 Per
211 3459 299 3498 totum
318 3441 371 3497 hoc
389 3444 560 3517 septennium
579 3442 618 3499 fui
695 3458 732 3513 63
766 3455 866 3528 Quid?
901 3458 990 3529 inquit
1012 3470 1227 3530 percunctatorg

62 3527 141 3597 magis
150 3547 181 3582 ac
190 3529 275 3600 magis
283 3524 393 3581 invidie
404 3529 549 3599 expositus.
654 3559 745 3601 mmm
760 3540 862 3614 pmdig
875 3539 1006 3594 mffitfbn,
1020 3541 1148 3614 proma
1164 3535 1219 3588 da..

93 3621 128 3672 53
143 3622 241 3677 Noster
256 3622 384 3676 Horatius
396 3621 511 3696 (dicunt
523 3642 619 3678 omnes
653 3643 728 3680 rurus
737 3639 778 3680 est
787 3623 920 3679 Caesarei
927 3617 1225 3688 sicilia,snex1tsliat

60 3701 143 3773 invidi
155 3704 167 3776 )
180 3708 301 3771 Fortuna
314 3706 401 3770 filius,
418 3704 502 3759 horno
513 3705 618 3760 felicis·
654 3709 688 3776 64
702 3706 794 3762 Sicilia
804 3705 878 3762 dicta
887 3723 929 3761 est
943 3708 1086 3780 Triquetra
1101 3702 1116 3757 is
1132 3701 1225 3761 tribus

61 3785 219 3852 simus‚una
228 3807 289 3841 cum
298 3790 571 3844 Mecenateversatus
579 3803 620 3847 est
653 3791 852 3868 promontoriis.

62 3865 92 3919 in
101 3865 220 3937 theatro,
230 3874 293 3926 etin
303 3892 398 3946 campo
407 3873 516 3927 Martio.
689 3875 724 3928 65
732 3874 907 3928 Consumitur
915 3871 973 3926 dies
980 3870 1052 3923 inter
1057 3865 1117 3922 hec
1126 3884 1231 3938 nuga-a

97 3948 131 4022 64
151 3951 257 4034 Siquis
280 3975 371 4013 rumor
396 3977 479 4012 raum
500 3973 620 4032 vagatur.
654 3959 732 4014 toria.
750 3957 786 4012 66
805 3955 877 4014 Mihi
896 3958 925 4009 in
945 3951 1076 4021 miseriis,
1094 3948 1143 4007 sed
1160 3967 1222 4011 nun
