2842 4750
228 345 275 409 22
622 344 660 412 Q.
714 340 995 397 uonsrrr

284 461 478 565 Tarquini
491 462 524 529 57
539 460 686 555 fasces,
704 461 840 538 dubito
853 520 866 554 ‚
880 487 932 537 an
945 461 978 512 38
998 461 1155 538 Catonis

425 586 568 664 Nobile
585 588 746 668 lethum.

280 713 314 780 39
330 714 552 817 Regulum,
570 733 607 793 et
624 733 659 782 4<>
676 718 862 809 Secum,
884 715 1103 819 animaeque
1121 743 1278 818 magnas

252 929 254 933 ¹
284 856 316 905 4Ῐ
333 841 544 945 Prodigum
562 842 753 935 Paulum,
770 861 972 944 superante
987 858 1020 907 42
1034 846 1179 934 Poeno,

130 944 134 969 Ι
183 983 186 988 ’
284 965 318 1031 43
341 967 481 1044 Gratus
497 969 638 1072 insigni
657 969 826 1045 referam
841 970 1057 1062 Camoena,

438 1095 806 1200 allabi-ictumque.

285 1218 319 1282 45
333 1219 472 1313 Hunc,
491 1224 580 1309 ets⁶
596 1221 802 1326 incomptis
816 1239 850 1289 47
863 1222 1027 1300 Curium
1042 1220 1193 1324 capillis

224 1335 226 1339 ’
290 1343 440 1420 Utilern
457 1346 561 1426 bello
573 1350 608 1415 48
624 1349 740 1442 tulit,
757 1369 795 1427 et
808 1366 841 1416 49
858 1349 1069 1449 Camillum

291 1456 325 1522 ⁵0
344 1470 454 1550 Saeva
472 1494 704 1578 paupertas,
727 1493 765 1552 et
783 1477 813 1525 ⁵¹
834 1474 962 1553 avitus
979 1491 1071 1577 apto

443 1601 476 1650 ⁵2
494 1601 595 1677 Cum
611 1602 693 1678 lare
708 1601 861 1679 fundus.

293 1724 442 1800 Crescit
457 1726 489 1778 53
506 1728 658 1805 occulto
673 1728 782 1804 velut
799 1728 915 1804 arbor
931 1757 1015 1804 aevo

294 1850 419 1926 Fama
436 1853 470 1918 54
488 1855 670 1931 Marcelli
688 1887 696 1932 :
714 1854 836 1930 micat
850 1854 951 1929 inter
968 1881 1101 1945 omncs

293 1976 327 2027 55
341 1978 369 2052 J
366 1977 497 2092 ulium
514 1981 642 2075 sidus,
667 1980 778 2060 velut
797 1982 831 2031 ⁵⁶
845 1980 946 2057 inter
960 1981 1069 2085 ignes

245 2139 364 2195 bonores
381 2143 521 2218 Tarquinii
539 2136 623 2200 Prisci
638 2186 646 2213 ‚
664 2165 722 2200 non
735 2147 808 2199 Tar-
845 2142 982 2198 Plutarch.
998 2159 1026 2198 et
1037 2142 1178 2199 Valerium
1190 2143 1358 2216 Maximum

151 2243 159 2259 ⁸
245 2227 333 2299 quinii
350 2226 485 2299 Superbi,
507 2247 718 2285 commemoratu
736 2245 809 2285 certe
881 2230 916 2297 45
930 2229 1091 2282 Fabricium.
1110 2228 1144 2293 46
1158 2217 1273 2301 capillis
1289 2226 1405 2298 impexis:

245 2309 353 2385 indigni
371 2327 479 2387 propter
496 2315 628 2367 Lucretiae
649 2330 810 2390 constuprat·
846 2314 937 2387 Turpe
954 2327 994 2366 est
1009 2314 1065 2366 viro
1084 2310 1213 2365 bellicoso
1228 2329 1338 2364 comam
1355 2307 1402 2360 ha·

247 2400 360 2452 tionem.
373 2390 411 2467 ,37
421 2399 564 2471 Virgarum
577 2398 660 2452 fasces
670 2439 678 2466 ,
688 2418 755 2473 quos
763 2419 811 2453 se·
846 2396 911 2451 bere
922 2409 1058 2469 comptam
1068 2410 1094 2449 et
1105 2394 1325 2449 calamistratam.

247 2480 357 2534 curibus
365 2477 498 2552 alligatos,
509 2478 738 2553 lictoresprimum
749 2497 812 2535 ante
884 2496 918 2551 47
932 2480 1029 2533 Curius
1038 2477 1202 2532 Samnitibus
1215 2496 1347 2551 magnum
1355 2471 1405 2526 auri

248 2582 347 2635 reges,
367 2577 458 2633 postea
478 2551 540 2615 ante
557 2562 688 2617 Consules
707 2563 743 2616 ad
758 2582 812 2638 po-
848 2561 953 2638 pondus
963 2560 1012 2614 sibi
1020 2560 1282 2629 afferentibusdixit,
1290 2557 1405 2616 Semalle

247 2646 307 2718 puli
323 2660 452 2698 terrorem
469 2644 620 2719 portabant.
646 2648 813 2703 accaronis
849 2665 951 2701 aurum
969 2646 1136 2699 habentibus
1157 2652 1314 2717 imperare,
1328 2657 1405 2717 qtram

249 2730 401 2795 Uticensis,
425 2730 470 2801 qui
491 2727 622 2783 violentas
644 2750 740 2784 manus
761 2730 813 2785 sibi
845 2731 998 2807 possidere.
1017 2732 1052 2798 48
1071 2727 1203 2795 Protulit,
1224 2744 1251 2782 et
1273 2725 1404 2804 produxit·

248 2813 361 2879 intulit,
375 2832 410 2865 ne
427 2811 532 2865 vultum
546 2817 653 2888 tyranni
668 2818 813 2889 aspiceret,
850 2826 885 2887 49
892 2813 1031 2880 Camillus,
1041 2828 1116 2868 sexto
1128 2831 1221 2867 mense
1232 2814 1404 2885 postRomam

248 2916 280 2954 ut
296 2898 384 2971 inquit
400 2895 507 2950 Cicero·
849 2901 864 2953 a
876 2898 962 2970 Gallis
973 2914 1094 2970 captam,
1105 2916 1151 2951 eos
1161 2916 1197 2951 cx
1206 2894 1284 2950 ltalia
1300 2890 1406 2967 expulit.

237 2989 242 3000 '
271 2984 308 3057 39
317 2979 449 3055 Regulum
459 2979 694 3054 Carthaginienses
704 2986 813 3039 resectis
850 2984 885 3037 50
898 2982 1041 3055 Paupertas
1050 3000 1141 3055 aspera
1156 2996 1184 3034 et
1196 2989 1322 3053 perpessu
1337 2973 1409 3029 diffi-

252 3066 385 3144 palpebris
404 3064 537 3138 illigatum
557 3068 587 3119 in
605 3066 732 3121 machina
746 3088 813 3143 per·
851 3065 919 3122 cilis.
943 3066 974 3119 51
993 3064 1102 3118 Fundus
1113 3064 1130 3117 ὲ
1143 3054 1409 3133 mannanhun&

250 3148 444 3229 petuisvigiliis
458 3157 618 3203 uetuerunt.
638 3158 673 3217 4ο
691 3151 815 3220 Quorum
850 3149 969 3207 relictus.
993 3148 1027 3202 52
1044 3149 1114 3202 Cum
1134 3148 1215 3202 domo
1237 3166 1295 3199 non
1317 3159 1408 3213 sump·

252 3236 324 3292 clara
334 3233 423 3287 extitit
431 3235 514 3285 virtus
523 3233 553 3284 in
564 3233 815 3305 Repubadminis-
851 3251 928 3289 mosa
939 3274 946 3299 ,
961 3230 1007 3285 sed
1022 3251 1080 3303 qua
1095 3230 1210 3282 fundum
1221 3225 1326 3282 deceat.

252 3315 358 3375 tranda.
381 3325 413 3383 4ι
436 3313 568 3382 Paulum,
587 3318 649 3374 vitae
669 3333 816 3393 contemp·
888 3318 922 3371 53
933 3312 1067 3377 occulte,
1081 3310 1165 3365 veluti
1178 3309 1257 3363 arbor
1267 3330 1327 3381 quae
1342 3325 1410 3363 tem-

251 3419 359 3467 torem‚
376 3401 421 3475 qui
435 3401 552 3453 animam
566 3399 684 3473 profudit
694 3401 729 3454 ad
739 3402 817 3455 Can·
851 3402 922 3475 poris
939 3414 1078 3470 progressu
1094 3395 1221 3448 increscit
1234 3430 1243 3456 ,
1259 3392 1410 3445 hominibus

251 3506 302 3543 nas
313 3526 321 3553 ,
337 3484 384 3539 ubi
398 3497 461 3538 cu'm
472 3484 646 3557 quadraginta
660 3499 688 3537 et
699 3486 816 3556 quinque
852 3502 909 3536 non
919 3477 1130 3533 advertentibus.
1140 3478 1175 3543 54
1181 3472 1410 3547 Marcellusquin·

158 3557 159 3563 ¹
252 3573 437 3633 Romanorum
446 3566 565 3621 millibus
575 3582 614 3624 est
622 3568 735 3620 occisus.
746 3565 817 3618 Vide
852 3567 928 3640 quies
941 3558 1043 3617 Consul
1055 3560 1159 3625 fuerat,
1178 3556 1290 3611 tandem
1302 3576 1369 3611 vero
1383 3553 1410 3607 ab

253 3656 372 3709 Livium.
385 3657 420 3719 42
431 3649 595 3705 Hannibale.
612 3649 647 3715 43
658 3648 774 3714 Libens,
788 3664 821 3702 ut
855 3650 974 3723 equitatu
983 3642 1145 3699 Hannibalis
1158 3644 1360 3703 circumventus
1378 3650 1410 3692 est

254 3756 360 3792 memor
378 3737 535 3789 meritorum
553 3732 629 3786 Pauli
651 3734 680 3785 in
695 3735 818 3805 patriam.
854 3747 881 3786 et
894 3732 1005 3786 occisus.
1017 3728 1050 3781 55
1062 3725 1147 3782 Stella
1158 3725 1275 3793 crinita„
1289 3744 1351 3797 quae
1361 3724 1410 3776 visa

255 3828 291 3887 44
304 3819 457 3873 Fabricium
469 3832 511 3871 ter
522 3813 670 3872 Consulem
681 3854 688 3881 ,
699 3814 734 3870 de
744 3818 820 3885 cujus
855 3832 895 3870 est
907 3829 1008 3888 septem
1019 3825 1113 3865 noctes
1122 3825 1182 3884 post
1194 3809 1328 3864 Caesarem
1339 3806 1410 3860 occi·

255 3902 438 3966 abstinentia,
455 3900 623 3953 continentia
636 3937 644 3962 ‚
659 3900 818 3964 severitate,
856 3917 928 3964 sum,
936 3912 963 3951 et
972 3894 1131 3950 credebatur
1142 3912 1198 3950 esse
1209 3889 1410 3948 Caesartsantma

255 3983 366 4069 aliisque
383 3985 493 4062 egregiis
508 3984 592 4039 animi
608 3981 737 4057 dotibus,
757 3982 821 4040 vide
855 3979 993 4047 increbuit
1003 3974 1155 4046 subtelam.
1168 3978 1203 4038 56
1213 3980 1287 4036 luter
1299 3970 1406 4032 stellas..
