2842 4750
309 350 647 410 cruutuuu
697 353 812 413 ιη.
865 357 948 414 111.
1155 340 1226 421 153

161 482 371 586 Impudeus
393 497 427 549 ⁴2
449 484 596 559 Orcum
620 487 770 558 moror!
797 482 834 558 Ο
857 482 1031 560 Deorum
1135 512 1140 535 2

160 607 201 685 si
225 605 311 710 quis
335 604 420 698 haee
442 605 581 698 audis,
607 606 640 672 43
663 605 817 683 utinam
837 605 940 686 iuter
962 602 1087 691 errem

312 731 440 806 Nuda
457 729 585 807 leones
602 735 611 809 !

159 857 386 960 Antequam
407 855 531 958 turpis
552 836 699 932 macies
724 854 906 935 decentes

160 987 340 1089 Occupet
360 999 395 1052 44
416 984 564 1091 malas,
588 986 623 1052 45
648 1001 870 1089 teneraeque
892 1013 1030 1065 succus

159 1110 323 1186 Defluat
345 1109 511 1213 praedm,
538 1110 710 1213 speciosa
734 1139 867 1215 quaero

312 1239 476 1314 Parcere
500 1236 629 1340 tigres,
669 1276 673 1283 ·

104 1392 109 1398 ·
149 1362 194 1428 '4⁶
213 1360 341 1456 Vilis,
360 1362 540 1466 Europe,
567 1378 674 1466 pater
694 1379 809 1467 urget
829 1362 994 1444 abseust

156 1501 193 1554 47
214 1486 320 1588 Quid
342 1487 443 1588 mori
465 1497 616 1567 cessas?
643 1505 751 1592 potes
774 1488 849 1565 hae
871 1489 923 1565 ab
939 1518 1040 1567 orno

156 1614 192 1683 48
209 1614 432 1692 Pendulum
456 1644 555 1694 zona
576 1615 678 1694 bene
699 1634 738 1705 te
763 1633 921 1711 secuta,

307 1741 467 1817 Laedere
492 1742 650 1822 collum.

50 1895 54 1901 ’
155 1865 249 1944 Sive
272 1883 311 1943 te
334 1897 474 1973 rupes,
501 1886 540 1948 et
561 1886 596 1940 49
617 1886 734 1949 acuta
754 1871 862 1950 letho

152 1986 257 2066 Saxa
280 1991 502 2088 delectant,
523 2022 622 2100 age,
649 2011 687 2073 te
709 1996 890 2101 procellae

153 2118 190 2171 ⁵0
208 2119 332 2197 Crede
355 2121 510 2217 veloci3
536 2122 610 2200 nisi
634 2125 666 2175 ⁵1
689 2123 815 2201 herile
836 2126 966 2213 mavis

241 2259 244 2264 '
305 2251 472 2355 Carpere
497 2276 690 2357 pensum,

149 2379 184 2432 ⁵2
200 2379 346 2485 Regius
370 2383 554 2486 sanguis,
581 2382 826 2487 dominaeque
846 2381 949 2459 tradi

149 2502 337 2584 Barbarae
360 2507 394 2559 ⁵3
417 2508 556 2612 pellex.
585 2510 738 2586 Aderat
762 2509 797 2576 ⁵4
819 2506 1011 2614 querenti

152 2630 184 2682 ⁵⁵
208 2630 406 2708 Perfidum
430 2634 563 2711 ridens
587 2636 750 2729 Venno,
776 2650 815 2712 et
835 2634 994 2712 remisso

303 2757 338 2808 ⁵⁶
359 2756 483 2837 Filius
508 2788 615 2839 arou.
705 2743 707 2748 Ι

91 2911 124 2969 4²
144 2904 249 2962 Orcum
264 2906 309 2962 vel
328 2907 472 2963 Plutonem
490 2911 588 2966 morari
606 2950 614 2980 ‚
649 2929 727 2965 urum
745 2909 849 2986 laquei,
871 2928 953 2984 quam
971 2924 1062 2963 tecum
1075 2908 1221 2963 commode

61 2998 175 3051 ett‚non
188 2993 258 3044 mori
269 3011 331 3045 cum
341 3006 472 3066 oporteat.
650 2993 772 3048 attulisti.
823 3047 826 3056 ,
1007 2987 1014 3000 Χ

90 3068 124 3134 45
140 3071 253 3128 Utinam
271 3093 358 3129 errem
373 3073 446 3143 uude
463 3078 535 3131 inter
552 3076 615 3131 leo·
687 3088 723 3149 49
739 3078 808 3146 Quae
822 3094 908 3142 saxu,
925 3090 956 3128 ut
971 3073 1058 3127 morbi
1076 3075 1169 3138 acuti,
1189 3088 1221 3128 te

58 3167 120 3218 net,
139 3170 218 3229 atque
236 3156 269 3210 ab
289 3159 323 3210 iio
342 3155 454 3211 devorer
471 3174 615 3231 antequem
651 3159 775 3214 celeriter
788 3155 955 3213 exiuiment.
974 3157 1008 3210 60
1026 3156 1174 3211 Committe
1189 3173 1218 3210 te

58 3235 250 3294 contabetcam.
273 3250 308 3308 44
333 3239 461 3294 Maxillto
479 3240 613 3315 pulchrae.
649 3238 1219 3315 procellre‚quutescopulirillidat.51Nisi

59 3316 90 3381 45
108 3320 257 3395 Antequam
272 3323 411 3392 viriditas,
431 3323 474 3379 vel
490 3324 615 3398 pulchri·
650 3325 736 3379 mevit
749 3321 841 3376 lanam
851 3330 925 3378 certo
938 3323 1056 3397 pondere
1069 3323 1214 3387 traditam,

59 3397 120 3454 tudo
140 3404 208 3457 mihi
239 3406 390 3472 dilabatur,
413 3410 492 3481 cupio
517 3405 615 3482 praedm
651 3422 678 3461 et
693 3404 728 3460 ab
746 3405 812 3459 hert
827 3408 997 3479 impetratum
1009 3409 1038 3459 iu
1048 3405 1093 3460 fila
1105 3406 1215 3461 ducere.

58 3500 110 3538 otte
130 3489 242 3559 tigribus
263 3505 291 3544 et
316 3489 449 3545 leonibus.
478 3492 513 3558 46
537 3493 616 3546 Pater
650 3490 686 3545 52
714 3490 795 3564 Regis
816 3487 880 3543 filia.
906 3489 941 3544 53
964 3489 1127 3545 concubina
1150 3506 1217 3544 ma-

57 3570 234 3626 meuuabsens
249 3573 614 3649 corpore‚tedaniruopru-
648 3575 704 3627 riti.
1175 3617 1178 3621 .

59 3665 131 3718 tent,
148 3654 209 3708 vilis
220 3656 345 3723 habitur,
358 3674 385 3711 et
397 3657 613 3730 neglectus'mihi
685 3657 720 3724 54
728 3658 843 3730 Europe
852 3657 985 3730 querenti.
997 3656 1031 3709 55
1042 3653 1142 3708 Ridens
1153 3672 1218 3727 per-

58 3730 166 3808 Europae
182 3757 236 3794 ουκ
259 3738 336 3806 filie,
355 3761 400 3796 me
421 3757 497 3814 urget
515 3755 542 3795 et
560 3741 613 3794 lla-
648 3738 701 3795 fide
710 3738 851 3807 etdolore,
864 3761 922 3794 non
935 3759 970 3795 ex
979 3741 1080 3791 animo.
1092 3736 1127 3789 56
1136 3735 1217 3789 Ade-

58 3815 111 3886 gitti
125 3824 291 3877 conscientia
302 3827 447 3881 excruciat.
456 3835 491 3897 47
502 3825 614 3899 Europe
647 3841 690 3883 rat
704 3824 811 3899 Cupido
827 3843 892 3879 arcu
911 3842 958 3877 suo
975 3824 1029 3893 jam
1041 3819 1151 3883 laxato,
1166 3837 1217 3871 ra-

57 3905 171 3971 reipsam
188 3907 357 3980 alloquitur.
648 3910 816 3981 gittariorum
835 3926 933 3979 more,
953 3902 999 3960 ubi
1015 3898 1125 3974 jaculari
1142 3897 1221 3955 desi*-

89 3985 122 4052 48
139 3987 181 4043 Te
202 3987 363 4066 suspendere
383 4006 459 4067 poter
478 4009 564 4064 zoua,
583 3993 614 4051 in
647 4006 729 4048 uuut.
