2842 4750
239 317 311 417 432
625 339 664 410 o.
718 337 1002 398 nontrtr

236 491 271 540 4²
297 470 549 574 Asperitetis‚
574 488 613 548 et
634 472 798 549 invidiae
817 491 1036 566 corrector,
1060 488 1098 551 et
1119 474 1203 554 irae.
1287 484 1291 489 ’

235 597 270 662 43
292 599 413 672 Recte
440 596 545 672 facta
566 596 707 677 refert:
732 613 767 664 44
788 599 955 675 orientia
978 617 1150 703 tempora
1175 602 1211 671 4⁵.
1231 601 1338 678 notis

235 720 397 797 Instruit
414 719 620 825 exemplis3
640 720 796 826 inopem
816 721 961 800 solatur
983 740 1022 801 et
1041 753 1201 827 aegrum.
1250 792 1254 797 .

237 845 362 922 Castis
388 872 479 920 cum
499 844 630 947 pueris
651 847 688 912 4ὁ
711 845 850 948 ignara
876 847 1016 952 puella
1033 848 1164 961 mariti

235 971 415 1047 Disceret
429 969 532 1044 unde
545 983 580 1036 4⁷
594 994 747 1071 preces,
761 970 796 1035 48
813 987 943 1046 vatem
957 970 1130 1048 niMusa
1150 971 1354 1050 dedisset?

234 1098 365 1176 Poscit
379 1124 490 1199 opem
503 1112 538 1163 49
553 1096 716 1190 chorus,
731 1112 769 1172 et
780 1097 1030 1200 ⁵0praesentia
1043 1099 1208 1175 numina
1228 1101 1365 1191 sentit3

235 1224 268 1274 ⁵¹
284 1222 465 1304 Coelestes
475 1219 659 1323 implorat
673 1249 796 1326 aquas
810 1222 924 1300 docta
938 1250 1053 1327 prece
1067 1225 1101 1275 ⁵²
1115 1223 1310 1315 blandus;

237 1348 395 1425 Avertit
416 1346 591 1440 morbos;
616 1348 825 1423 metuenda
850 1347 1024 1450 pericula
1047 1349 1175 1451 pellit;
1413 1444 1414 1447 Ἴ

236 1480 427 1581 Impetrat
439 1493 478 1552 et
493 1503 652 1579 pacem,
666 1493 704 1551 et
720 1477 753 1528 ⁵3
767 1475 1002 1579 locupletem
1018 1475 1195 1580 frugibus
1208 1503 1364 1551 annum.

188 1648 195 1675 .·
234 1604 418 1685 Carmine
435 1605 489 1680 Dt
507 1605 635 1708 superi
654 1603 881 1706 placantur,
899 1603 1072 1680 carmine
1091 1605 1126 1669 ⁵4
1143 1605 1298 1679 Manes.

181 1774 184 1779 ¹
232 1728 432 1834 Agricolae
450 1727 588 1833 prisci,
605 1728 638 1778 ⁵⁵
656 1727 792 1821 fortes,
810 1755 1007 1832 parvoque
1025 1728 1157 1819 beati,

139 1852 145 1861 '
233 1857 269 1908 ⁵⁶
284 1854 450 1934 Condita
462 1869 546 1957 post
563 1851 780 1944 frumenta,
797 1856 830 1922 ⁵7
847 1853 1021 1929 levantes
1038 1869 1212 1955 tempore
1226 1850 1316 1926 festo

233 1983 400 2084 Corpus,
417 1994 456 2055 et
471 1979 597 2080 ipsum
615 1979 792 2054 animum
807 1979 842 2045 ⁵⁸
857 2007 923 2081 spe
941 1978 1029 2056 finis
1047 1980 1144 2054 dura
1162 1979 1369 2067 ferentem,

232 2111 337 2186 Cum
354 2104 466 2184 sociis
482 2132 661 2207 operum,
679 2120 719 2179 et
737 2105 887 2206 pueris,
905 2121 944 2180 et
959 2103 1121 2206 conjuge
1137 2102 1240 2194 fide,

234 2230 438 2311 Tellurem
452 2230 485 2298 ⁵9
502 2256 617 2331 porco
630 2287 642 2322 ,
657 2231 692 2282 ⁶0
708 2229 912 2306 Silvanum
926 2230 1028 2307 lacte
1042 2228 1229 2332 piabant,

231 2357 412 2438 Floribus
429 2371 468 2433 et
484 2354 577 2432 vino'
592 2357 623 2408 ⁶¹
643 2354 814 2432 Genium
831 2369 1041 2433 memorem
1058 2354 1186 2432 brevis
1203 2352 1295 2431 aevi.

232 2489 268 2539 ⁶2
283 2482 523 2562 Fescennina
540 2508 608 2583 per
626 2479 730 2556 hunc
749 2480 910 2557 inventa
925 2482 1085 2564 licentia
1100 2506 1250 2558 morem

231 2608 422 2689 Versibus
444 2604 601 2682 alternis
625 2595 830 2706 opprobria
850 2609 993 2686 rustica
1015 2608 1143 2701 fudit;
1180 2671 1182 2678 ,

229 2736 264 2787 ⁶3
282 2731 537 2832 Libertasque
555 2745 795 2807 recurrentes
813 2750 973 2836 accepta
991 2751 1193 2837 perennes

267 2928 304 2987 4²
320 2915 444 2972 Soevltlss·
792 2929 796 2934 '
832 2920 962 2991 etpaucis
976 2919 1109 2973 contenti.
1133 2915 1168 2971 56
1185 2915 1250 2968 Post
1268 2923 1385 2968 messem

267 3015 303 3083 43
312 3016 395 3068 Recte
405 3009 476 3065 tacta
484 3011 615 3081 majorum
625 3026 796 3062 commemo·
831 3002 865 3072 57
878 3002 981 3074 Corpus
990 3000 1148 3057 relevantes.
1163 3000 1198 3053 58
1212 2999 1265 3072 Spe
1280 3000 1340 3051 finis
1349 3001 1385 3069 ip-
1411 3063 1412 3080 χ

230 3113 282 3156 rat.
295 3106 329 3164 44
342 3095 478 3149 Homines
488 3093 533 3165 qui
545 3089 626 3145 bodie
637 3094 751 3157 vivunt,
768 3101 795 3145 st
830 3087 883 3138 tius
894 3084 1000 3150 laboris.
1015 3085 1050 3159 59
1067 3085 1137 3149 Sue,
1157 3102 1216 3156 quae
1227 3081 1319 3136 telluri
1335 3083 1385 3132 im·
1411 3091 1412 3112 ¹

231 3185 277 3257 qui
290 3194 350 3257 past
358 3190 512 3232 nascentur.
526 3175 560 3242 45
570 3174 708 3246 Exemplis
722 3194 794 3248 pres-
829 3168 979 3234 molebatur
987 3183 1094 3244 propter
1107 3170 1163 3240 ejus
1175 3163 1386 3219 foecunditatem.

230 3266 325 3320 teritis.
828 3251 864 3304 60
884 3251 1022 3305 Pastorum
1042 3253 1134 3308 Deum
1151 3248 1221 3302 lacte
1238 3247 1388 3323 placabant

267 3349 303 3415 46
314 3348 438 3417 innupta.
459 3352 493 3415 47
502 3339 583 3395 Unde
598 3337 716 3394 disceret
729 3357 793 3394 car·
828 3335 860 3389 61
878 3333 1013 3397 Genium,
1023 3348 1124 3387 nuturae
1141 3336 1253 3398 Deum,
1269 3333 1318 3405 qui
1330 3332 1390 3384 ferit

230 3434 306 3488 mins
323 3425 460 3481 secularia
475 3466 485 3489 ,
502 3444 561 3498 quae
581 3421 652 3497 apud
670 3422 794 3493 antiquos
828 3418 951 3488 homines
965 3419 1024 3472 vitre
1034 3417 1172 3470 brevitatis
1181 3433 1238 3469 esse
1248 3433 1390 3469 memores.

230 3508 476 3571 ludissaecularibus
489 3510 604 3581 virgines
614 3521 641 3561 et
650 3506 725 3578 pueri
735 3504 795 3557 Diis
865 3502 900 3554 62
914 3501 965 3554 Per
976 3500 1050 3554 bunc
1062 3502 1164 3564 morem
1174 3512 1202 3551 et
1211 3496 1390 3578 cousuetudi-

230 3593 425 3652 immortalibus
445 3592 587 3645 canebant.
607 3590 641 3655 48
655 3589 774 3640 Ροὲῑειω.
829 3597 1019 3638 nemveterum
1029 3581 1218 3655 agricolarum,
1229 3580 1390 3636 Fescennini

265 3692 301 3753 49
319 3679 423 3736 Chorus
441 3694 582 3750 puerorum
604 3687 632 3727 et
648 3657 792 3746 virginumi
828 3685 918 3721 versus
927 3705 940 3747 ,A
959 3665 1015 3739 (iu
1026 3664 1121 3738 quibus
1129 3666 1218 3736 jocosa
1228 3678 1256 3716 et
1265 3665 1391 3716 convicit

229 3766 265 3818 50
275 3765 362 3818 Sentit
371 3757 531 3814 auxiliantes
540 3773 567 3811 et
576 3756 697 3811 faventes
708 3757 790 3828 Deos.
828 3769 891 3804 cum
904 3747 1002 3821 magns
1012 3740 1123 3802 licentia
1139 3745 1363 3819 exprimebantur
1381 3746 1391 3817 )

226 3849 260 3906 51
272 3846 387 3902 Pluvias.
399 3844 433 3897 52
442 3840 546 3898 Blande
556 3838 717 3913 supplicans.
826 3832 962 3889 habebant
973 3829 1064 3884 locum
1075 3833 1104 3883 in
1117 3828 1257 3903 quoslibet.
1271 3829 1321 3881 At
1337 3848 1390 3899 op-

262 3930 298 3982 53
310 3915 419 3983 Ansium
432 3924 549 3998 frugibus
562 3919 755 3982 abundattem.
822 3916 891 3990 pido
904 3915 1079 3967 Fescennino
1092 3931 1191 3965 nomen
1200 3927 1389 3983 sumpserunt.

242 4081 248 4097 ἱ
263 4012 297 4080 54
309 4011 351 4067 Ne
360 4021 485 4064 noceant.
498 4006 534 4062 55
546 4001 788 4081 Agric'ola'rcbusti
824 4000 859 4056 63
876 3996 1057 4055 Annitersalis
1066 3996 1194 4053 'libertae
