2842 4750
334 291 682 347 sranonou
732 292 842 348 rra.
893 295 920 350 1.
1131 277 1207 376 287

40 425 133 501 Jam
147 421 493 529 peritura,modis.
515 424 548 491 ⁵9
565 426 744 500 Hecaten
762 442 878 502 vocat
897 425 1041 522 altera3
1060 457 1207 509 saevam

38 550 174 626 Altera
188 565 224 615 4ο
246 547 513 651 Tisiphonem.
537 549 765 651 Serpentes,
786 565 905 652 atque
922 550 1076 629 videres

40 690 70 742 4Ι
86 674 263 751 Infernas
279 700 406 750 errare
428 699 571 770 canes23
596 675 828 779 Lunamque
845 690 878 742 42
898 676 1131 772 rubentem,

38 805 98 881 Ne
116 805 216 881 foret
232 804 266 870 43
285 803 345 880 his
360 785 486 896 testis,
500 818 583 906 post
598 793 792 907 magnae
809 804 929 880 latere
947 803 1164 907 sepulchra.¹

39 929 212 1006 Mentior
226 944 266 1005 at
283 928 314 1004 si
331 928 453 1032 quid,
473 928 617 1004 merdis
633 946 751 1032 caput
764 929 797 996 4⁵
816 927 1001 1031 inquiner
1018 928 1119 1008 albis

38 1055 274 1147 Corvorum,
291 1069 410 1157 atque
425 1052 468 1128 in
483 1081 546 1129 me
561 1053 696 1129 veniat
709 1054 874 1130 mictum
890 1070 1007 1158 atque
1024 1073 1206 1135 cacatum

35 1176 167 1255 Julius
183 1236 195 1273 ‚
216 1193 256 1254 et
270 1179 305 1244 4⁶
321 1175 471 1281 fragilis
487 1178 695 1268 Pediatia,
717 1178 858 1281 furque
876 1180 1067 1261 Vorenus.

36 1301 197 1406 Singula
213 1304 310 1408 qnid
324 1314 562 1383 memorem?
577 1333 654 1408 quo
669 1322 783 1407 pacto
794 1320 828 1372 47
837 1303 986 1382 alterna
1003 1306 1205 1413 loquentes

36 1430 199 1507 Umbrae
217 1458 307 1507 cum
325 1433 477 1534 Sagana
492 1430 707 1507 resonarint
720 1429 851 1524 triste,
867 1446 906 1506 et
919 1429 954 1497 45
967 1446 1154 1515 acutum?

35 1552 170 1660 thue
184 1555 266 1660 lupi
280 1555 445 1632 barbam
457 1570 492 1623 49
507 1554 629 1631 variae
648 1583 740 1631 cum
758 1555 872 1631 dente
893 1556 1065 1636 colubrae
1098 1553 1101 1561 ’

34 1679 277 1758 Abdiderint
292 1671 430 1758 furtim
454 1680 592 1773 terris,
617 1697 656 1757 et
675 1682 708 1733 ⁵0
730 1680 902 1783 imagine
925 1709 1039 1760 cerea

36 1804 199 1910 Largior
212 1807 348 1883 arserit
359 1805 487 1910 ignis?
509 1822 550 1882 et
563 1823 607 1883 ut
621 1833 698 1882 non
713 1807 819 1882 testis
831 1804 979 1884 inultus

38 1931 267 2008 Horruerim
283 1959 398 2009 voces
416 1930 624 2007 Furiarum
638 1945 679 2006 et
695 1928 800 2005 facta
814 1931 845 1980 ⁵¹
865 1931 1061 2015 duarum?

38 2054 164 2151 Nam,
188 2058 222 2117 ⁵²
238 2057 404 2162 displosa
423 2071 534 2133 sonat
550 2071 740 2159 quantum
756 2054 914 2150 vesica,
937 2062 1079 2162 pepedi

38 2177 193 2260 Diffissa
209 2183 351 2280 nate⁵³
365 2181 474 2260 ficus.
490 2182 524 2247 54
537 2183 595 2257 At
606 2180 686 2257 illae
704 2208 857 2262 currere
874 2183 918 2259 in
932 2184 1085 2265 urbem.

38 2304 213 2385 Canidiae
227 2308 261 2358 55
278 2309 435 2403 dentes,
455 2308 579 2401 altum
600 2309 763 2413 Saganae
776 2310 811 2361 ⁵⁶
825 2307 1071 2391 caliendrum

40 2428 254 2528 Excidere‚
273 2451 393 2540 atque
415 2433 580 2528 herbas,
597 2449 716 2540 atque
733 2435 932 2514 incantata
947 2437 1102 2529 lacertis

36 2556 68 2624 ⁵⁷
83 2561 285 2658 Vincula,
308 2591 399 2640 cum
416 2589 559 2665 magno
573 2560 729 2664 risuque
744 2560 908 2666 jocoque
922 2563 957 2615 ⁵⁵
973 2564 1138 2646 videres.

476 2678 488 2707 l

70 2758 201 2835 39Altera
209 2763 390 2820 veneficarum
399 2764 597 2819 vocatProser·
632 2777 660 2817 et
673 2778 762 2818 acuta.
778 2772 814 2838 49
828 2752 899 2818 Cum
914 2764 996 2821 dente
1010 2765 1126 2822 colubrae
1138 2789 1200 2825 ma-

37 2843 123 2913 pinam
135 2848 291 2903 umbrarum
302 2848 450 2902 dominam.
463 2857 498 2915 4ο
506 2848 597 2901 Unam
632 2848 739 2904 culosae.
766 2849 801 2902 50
827 2848 871 2903 Ob
896 2849 1043 2923 imaginem
1068 2871 1197 2922 ceream,

38 2931 247 2986 extribusfuriis
257 2971 266 3000 ‚
277 2952 336 3005 quae
346 2931 434 2989 cades
448 2931 596 2987 ulciscitur.
632 2952 692 3005 quae
713 2934 776 3006 igne
797 2931 983 3004 liquescebat,
1004 2935 1035 2986 in
1053 2937 1199 3006 pernitiem

70 3020 100 3078 4ι
124 3014 230 3088 Stygias
248 3032 345 3081 canes,
363 3015 527 3087 Proserpinae
546 3033 598 3068 co·
633 3018 690 3088 ejus
702 3036 783 3090 quem
803 3017 1004 3073 execrabantur.
1027 3017 1057 3071 51
1075 3009 1198 3077 Canidiae

40 3095 122 3152 mites.
141 3108 177 3165 42
194 3100 302 3151 Lunam
323 3097 538 3153 erubescentem.
633 3116 661 3154 et
671 3099 800 3174 Sagana,
813 3116 872 3174 qne
883 3114 1010 3173 tanquam
1022 3099 1096 3156 forie
1110 3120 1201 3164 erants

72 3180 105 3245 45
120 3182 173 3237 His
183 3180 329 3239 veneficiis.
340 3190 377 3249 44
386 3180 510 3236 Latebat.
670 3182 706 3236 62
719 3185 859 3254 Quantum
876 3198 954 3238 sonat
969 3184 1059 3238 vesica
1074 3202 1152 3262 rupta
1170 3204 1200 3244 et

73 3264 106 3328 45
126 3265 242 3321 Utinam
264 3281 345 3340 caput
367 3284 460 3319 meum
484 3264 598 3319 habeam
633 3265 751 3321 discissa.
1051 3274 1057 3331 4

44 3345 133 3402 merdis
144 3351 325 3425 inquinatum.
343 3349 378 3416 46
388 3346 481 3402 Mollis
496 3345 598 3402 Pedia·
669 3349 704 3403 55
716 3349 774 3423 Ego
784 3350 894 3425 Priapus
903 3351 918 3405 ἑ
927 3349 980 3407 ficu
989 3349 1084 3409 factus.
1095 3353 1130 3424 54
1141 3355 1199 3413 ΙΙῙω

44 3425 92 3479 tius
101 3468 109 3495 ,
117 3437 160 3506 qui
171 3475 180 3503 ‚
192 3435 355 3510 patrimonio
365 3433 481 3499 amisso,
494 3430 597 3497 mulia-
633 3431 785 3486 currebant.

46 3502 100 3562 bria
108 3518 254 3585 patiebatur
265 3541 273 3584 ς
286 3516 360 3571 unde
369 3516 497 3570 Horatius
506 3531 597 3571 noster
668 3515 703 3569 55
713 3515 778 3569 Non
786 3534 847 3570 suos
856 3516 951 3572 dentes
957 3557 967 3583 ,
977 3519 1131 3576 tedalienos
1138 3535 1197 3575 arte

44 3586 193 3655 foemineum
209 3600 250 3655 illi
262 3600 308 3654 dat
317 3619 429 3655 noman.
443 3599 596 3672 Fragilisb
631 3599 735 3653 insitos.
754 3599 789 3653 56
799 3599 908 3672 Saganae
918 3620 1024 3656 comam
1032 3606 1197 3679 appositam,

35 3669 363 3759 frangetquodvarbum
372 3681 516 3759 aliquando
532 3703 596 3759 per·
632 3681 739 3750 idest,
764 3685 868 3738 crinem
887 3682 1093 3758 hypocriticum.
1122 3686 1198 3739 Gal-

43 3753 255 3822 obscoenumest.
632 3764 685 3821 lice
704 3768 853 3841 Perruqne.
880 3766 914 3839 57
933 3770 1010 3823 Licia
1033 3790 1069 3824 ax
1085 3768 1198 3824 dirersis

74 3848 108 3910 47
126 3844 291 3906 Altematim.
307 3854 342 3919 48
356 3852 426 3910 Cum
442 3871 509 3908 voce
520 3853 598 3909 tenui
633 3849 777 3909 coloribus.
796 3852 831 3907 58
850 3849 951 3911 Videre
965 3849 1071 3918 liceretss
