2842 4750
227 307 299 359 sin
480 278 481 283 ‘
568 294 650 368 o.
700 296 992 368 ‘tronsrrr

325 431 359 481 ⁵²
382 428 517 508 Crines
544 423 710 518 solutos,
742 426 811 531 qui
836 427 869 479 ⁵3
895 419 1029 532 Lyciae
1052 441 1161 507 tenet
1186 454 1189 460 ·
1288 468 1292 475 ·

373 553 574 642 Dumeta,
599 549 633 613 ⁵4
657 548 907 654 natalemque
933 550 1098 646 silvam,

425 675 590 766 Delius,
618 689 657 750 et
680 677 866 753 Patareus
889 676 1042 779 Apollo.

323 809 357 864 55
381 806 455 885 Vis
479 802 613 881 consili
638 830 773 905 expers
797 803 899 881 mole
921 804 1002 881 ruit
1021 831 1117 882 sua:

324 933 360 983 ⁵⁶
377 933 478 1039 -Vlm
501 945 756 1030 temperatam
779 929 833 1005 Dt
855 938 1009 1034 quoque
1034 926 1257 1034 provehunt
1274 1002 1278 1023 ,,

373 1060 422 1135 In
446 1055 571 1155 majus
595 1050 751 1134 :iidem
773 1057 889 1133 odere
916 1057 1018 1134 vires

425 1181 552 1256 Omne
577 1179 687 1256 nefas
715 1177 846 1255 animo
869 1180 902 1248 ⁵7
928 1197 1158 1260 moventes..

326 1307 452 1386 Testis
471 1335 650 1383 mearum
676 1306 709 1358 ⁵⁸
734 1306 975 1385 centimanus
1002 1307 1137 1411 Gyges

325 1436 612 1514 Sententiarum
635 1451 774 1528 notus,
802 1452 840 1511 et
866 1436 899 1502 ⁵9
926 1435 1089 1538 integrm

375 1568 562 1644 Tentator
586 1565 620 1614 ⁶⁰
645 1563 768 1639 Orion
792 1562 961 1657 Diauae,

422 1689 618 1792 Virginea
644 1687 812 1765 domitus
838 1689 989 1792 sagitta.
1065 1712 1077 1761 t

214 1916 217 1923 .
322 1815 529 1913 ⁶1Injecta
550 1817 729 1893 monstris
754 1820 877 1894 Terra
902 1818 1007 1894 dolet
1031 1817 1139 1909 suis,
1224 1834 1227 1839 ’
1284 1828 1289 1853 ³
1341 1840 1344 1846 ·

324 1945 544 2046 Moeretque
567 1958 699 2045 partus
726 1941 891 2018 fulmine
915 1942 1091 2045 luridum

374 2072 513 2149 Missos
535 2071 585 2147 ad
611 2073 789 2149 Orcum:
815 2100 887 2176 nec
911 2070 1062 2174 peredit
1205 2157 1210 2166 s

424 2196 651 2299 Impositam
678 2196 784 2273 celer
808 2198 910 2299 ignis
937 2199 1151 2275 ⁶³.AEtnam
1170 2216 1193 2272 ι’

239 2300 274 2432 ι’
323 2322 357 2373 ⁶3
382 2322 663 2404 Incontinentis
686 2304 770 2400 nec·
788 2323 897 2426 Tityi
922 2322 1029 2420 jecur
1122 2373 1126 2378 ι

275 2463 279 2471 ’
323 2448 532 2552 Relinquit
553 2448 661 2540 ales,
688 2450 723 2514 ⁶4
743 2446 943 2550 nequitie
956 2447 1116 2523 additus

374 2573 508 2649 Custos
533 2604 542 2649 ε
566 2587 783 2648 amatorem
807 2587 991 2668 trecentae,

376 2738 378 2742 ’
417 2698 450 2746 ⁶⁵
474 2698 694 2776 Pirithoiim
722 2699 912 2790 cohibent
934 2717 1096 2779 catenae.

222 2857 489 2918 fiacrineshumeris
498 2877 608 2932 sparsos.
622 2860 657 2913 53
666 2863 697 2915 ln
704 2863 789 2935 Lycia
824 2861 942 2916 doleret
957 2877 1064 2928 moeret
1068 2880 1131 2916 snos
1145 2835 1237 2935 partus
1257 2880 1311 2918 esse
1325 2859 1373 2916 ful·

223 2950 284 3002 fons
297 2961 336 3012 est
351 2941 492 2998 Castalius
512 2943 547 3009 54
558 2941 674 3011 Silvam
693 2947 724 2998 in
737 2965 789 3019 qua
823 2946 898 2999 mine
916 2946 1010 2998 missos
1028 2942 1064 3012 ad
1081 2944 1205 3012 Orcum,
1228 2944 1259 2998 id
1277 2960 1331 3015 est,
1340 2940 1373 3013 'sd

224 3042 304 3085 natus
318 3042 358 3081 est
378 3024 496 3099 Apollo,
523 3023 610 3079 dictus
626 3027 791 3081 Patareued
823 3025 939 3079 Plutona
958 3045 1037 3101 supra
1056 3025 1168 3080 modum
1186 3009 1335 3101 pallidum,
1351 3038 1374 3090 et

223 3113 319 3166 Patara
340 3110 431 3183 Lyciae
447 3110 578 3173 civitate,
599 3109 646 3162 ubi
667 3112 789 3164 maxims
822 3108 930 3164 inferno
950 3109 1040 3164 colore
1061 3108 1199 3164 foedatum.
1231 3111 1267 3164 62
1286 3107 1373 3162 Sicilie

222 3195 371 3249 colebatur.
390 3191 424 3245 55
435 3191 526 3245 Robur
533 3195 651 3266 eorporis
658 3195 788 3266 siuepru-
823 3195 963 3259 montem,
974 3190 1113 3247 Encelado
1121 3192 1254 3266 Giganti'
1246 3195 1373 3266 injecnrm.

221 3278 317 3332 dentis
334 3293 382 3328 sno
402 3273 500 3328 labitur
520 3278 633 3351 impetu.
660 3276 695 3329 56
707 3278 789 3330 Vires
823 3274 858 3327 65
877 3274 937 3328 Nec
953 3274 1042 3328 vultur
1053 3274 1181 3349 relinquit
1190 3274 1301 3350 perdere
1312 3276 1377 3346 jecur

220 3360 337 3430 consilio
346 3357 503 3431 gubernatas
510 3360 557 3420 Dii
565 3375 672 3433 augent.
691 3360 726 3431 57
736 3360 788 3412 Vi·
822 3360 896 3434 Tityi
909 3358 1058 3424 luxuriosi,
1074 3360 1120 3432 qui
1136 3361 1248 3413 Latonae
1266 3370 1374 3429 stuprum

220 3465 264 3503 res
279 3445 427 3516 cogitantes
442 3443 621 3515 iniquitatem.
821 3439 920 3494 inferre
933 3454 1045 3493 conatus
1057 3456 1105 3495 est.
1124 3439 1159 3507 64
1169 3436 1376 3515 Intemperantia

260 3528 295 3582 58
313 3527 455 3591 Briareus,
470 3523 504 3578 de
517 3545 571 3598 quo
583 3523 644 3578 vids
654 3524 716 3577 Ode
728 3543 787 3578 ιινιι
820 3542 874 3578 suae
884 3525 1017 3597 appositus
1026 3539 1133 3590 custos,
1145 3539 1175 3578 ut
1184 3526 1209 3579 ei
1220 3526 1254 3577 sit
1264 3522 1375 3576 infestus.

220 3610 270 3668 lib.
290 3629 321 3664 ιι.
347 3608 383 3679 59
404 3606 490 3662 Castae
510 3610 617 3662 Dianae.
645 3607 682 3659 do
699 3606 786 3660 Orion
820 3605 970 3660 stratonis
987 3620 1015 3661 et
1033 3609 1094 3661 Diae
1112 3606 1217 3675 filium,
1237 3617 1375 3660 amatorem

220 3708 353 3758 venator,
375 3704 493 3763 stuprare
511 3706 624 3743 conatus
642 3691 784 3757 Dianam,
820 3688 999 3762 Proserpinae,
1008 3695 1377 3763 quamraperecumtentaret

222 3776 280 3849 ejus
293 3774 394 3846 sagittis
407 3787 447 3827 est
457 3772 605 3827 confossus.
819 3772 980 3840 Pirithoiis,
997 3775 1099 3827 catenis
1118 3772 1216 3829 dicitur
1234 3769 1374 3845 implicitus

258 3858 291 3912 61
312 3855 388 3911 Ordo
403 3870 464 3910 est:
482 3858 662 3912 Terremater
672 3857 788 3928 ,impo-
820 3874 877 3917 ssss
890 3855 961 3931 apud
977 3856 1095 3926 inferos·

219 3941 273 3996 sita
287 3939 444 3996 monstrosis
460 3936 622 4010 Gigantibus
631 3936 684 3996 suis
702 3937 764 3993 liliis
772 3973 784 4013 ,
1113 3953 1115 3960 ¹
