2842 4750
232 289 283 384 64
620 308 667 381 o.
722 308 1003 369 nonsrtr

143 525 146 529 ν
253 469 344 548 AD
388 468 676 553 CRISPUM
716 468 1142 550 SALLUSTIUM.
1197 473 1283 550 Ode
1309 474 1365 553 IL

294 656 762 756 Arariciamuimperac,
790 673 830 731 ec
851 656 1131 733 liberalitatem
1155 657 1325 753 extollit.

331 810 585 926 ¹Nuntus
610 864 771 951 argento
793 847 898 926 color
921 865 978 925 est
1001 849 1130 928 avaris

330 973 489 1050 Abditae
514 970 649 1062 terris,
669 971 831 1048 inimice
854 972 995 1048 lamnas
1038 1068 1041 1075 Δ

331 1098 465 1201 Crispe
491 1094 672 1188 Sallusti,
699 1094 775 1171 nisi
798 1111 1012 1199 temperato

481 1218 688 1322 Splendeat
711 1246 794 1296 usu.

329 1344 451 1426 Vivet
474 1359 491 1395 2
514 1360 667 1420 extento
693 1342 919 1433 Proculeius
940 1370 1053 1438 aevo,

328 1468 346 1521 ³
369 1470 492 1544 Notus
510 1467 555 1543 in
575 1468 710 1543 fratres
733 1466 854 1543 animi
876 1466 1056 1569 paterni:

327 1610 345 1660 4
369 1592 486 1672 Illum
507 1607 597 1695 aget
618 1618 746 1694 penna
765 1591 1084 1670 metuente'solvi

477 1717 601 1793 Fama
622 1732 820 1819 superstes.

326 1844 654 1947 ⁵Latiusregnes
678 1845 840 1920 avidum
863 1846 1056 1923 domando

323 1967 537 2072 Spiritum,
563 1969 735 2070 quamsi
761 1967 930 2071 Lyhium
951 1973 968 2020 ⁶
990 1967 1149 2045 remotis
1203 2056 1205 2061 ,

324 2093 501 2172 Gadibus
522 2092 685 2195 jungas,
711 2109 728 2161 7
749 2109 787 2167 et
809 2108 970 2198 uterque
994 2094 1137 2169 Poenus

475 2219 627 2298 Serviat
651 2220 668 2272 ³
692 2221 774 2298 uni.
822 2256 826 2261 ·
1078 2216 1082 2223 ⁸

321 2365 340 2418 9
363 2346 519 2426 Crescit*
532 2332 737 2450 indulgens
757 2347 831 2424 sihi
855 2347 959 2425 dirus
983 2346 1177 2451 hydrop8,

321 2478 407 2551 Nec
429 2475 535 2550 sitim
560 2473 694 2576 pellit,
719 2476 793 2552 nisi
816 2503 932 2553 causa
959 2476 1085 2553 morbi

322 2616 356 2652 10
376 2599 538 2703 Fugerit
560 2599 696 2691 venis,
725 2613 754 2650 ¹¹
781 2617 819 2676 et
841 2611 1005 2705 aquosus
1027 2601 1119 2677 elbo

260 2751 271 2785 ι
288 2722 365 2784 Ordo
377 2740 418 2780 est
431 2743 438 2776 ι
453 2726 470 2777 ὁ
487 2725 580 2797 Crispe
598 2724 706 2779 Sallusti
723 2727 782 2779 ini·
853 2728 869 2781 5
889 2728 1074 2800 Latiuspossis
1085 2746 1197 2800 regnare
1208 2767 1216 2794 ,
1226 2729 1248 2781 si
1262 2731 1380 2785 animum

219 2818 290 2870 sirice
298 2810 394 2865 lamna
404 2806 452 2881 (id
459 2806 688 2881 est‚lamiuoe)ab
696 2811 782 2862 avaris
817 2811 924 2863 tuum-l
940 2810 1131 2883 cupiditatibus
1144 2812 1271 2866 refrenes
1283 2855 1291 2880 ‚
1305 2815 1380 2889 quam

217 2904 249 2954 in
265 2896 341 2952 terris
354 2889 450 2946 abdite
463 2907 490 2944 et
499 2889 626 2958 defossa,
640 2892 731 2946 nullus
742 2909 782 2947 est
816 2894 838 2945 si
852 2893 945 2946 orbem
960 2895 1112 2946 universum
1128 2893 1274 2966 possideas.
1290 2898 1309 2950 6
1322 2896 1380 2951 Ga·

218 2979 295 3036 color
314 2975 358 3032 vel
376 2971 501 3049 splendor
515 2990 625 3047 argento
641 3016 649 3041 ,
670 2975 700 3029 id
721 2991 779 3042 est,
817 2972 895 3029 dibus
911 2974 1051 3046 disjunctis
1063 2992 1090 3029 et
1099 2976 1192 3050 procul
1206 2981 1265 3031 sitis
1281 2981 1315 3032 ab
1328 2983 1381 3052 ipsa

217 3078 357 3136 argentum
373 3056 442 3114 nihil
458 3056 541 3111 babet
554 3054 780 3131 pulchritudiuis,
816 3058 910 3131 Lybie.
929 3056 1019 3112 Gades
1038 3058 1165 3133 oppidum
1184 3075 1224 3113 est
1244 3062 1381 3136 Hispania

214 3149 294 3220 cujus
311 3143 400 3198 nullus
416 3158 458 3196 est
471 3160 533 3195 usus
549 3138 710 3210 moderatus.
818 3141 939 3195 dPoenis
955 3142 1105 3196 conditum.
1124 3161 1140 3215 7
1161 3144 1229 3196 Tam
1246 3146 1380 3218 Carthago

250 3250 271 3283 ‚2
281 3229 358 3281 AEvo
364 3224 493 3300 producto
503 3223 537 3277 ad
546 3240 676 3298 posteros,
686 3223 716 3277 id
725 3239 778 3293 est,
815 3246 873 3300 quae
887 3229 966 3281 estin
978 3227 1080 3294 Africa,
1092 3246 1171 3300 quarn
1189 3227 1234 3281 illa
1246 3227 1380 3300 Carthago

215 3311 372 3370 Proculeius
384 3312 455 3362 vivet
465 3310 494 3360 in
507 3314 646 3364 aetetuum.
659 3307 676 3359 5
689 3308 781 3362 Nobi·
816 3330 873 3383 que
894 3326 934 3364 est
952 3313 982 3362 iu
1005 3311 1135 3383 Hispania
1155 3310 1277 3383 Spartica
1302 3311 1384 3378 dictas

213 3398 306 3453 litatus
322 3406 429 3468 propter
449 3392 569 3443 animum
590 3406 731 3463 paternum
749 3394 780 3445 in
816 3393 909 3444 8Tibi
927 3395 981 3445 uui,

213 3499 278 3534 suos
291 3478 407 3538 huss,
426 3475 471 3546 qui
490 3472 581 3526 hostes
599 3469 702 3544 publici
720 3487 781 3543 post
851 3473 1051 3548 9Hydropicus
1064 3474 1129 3530 dum
1142 3475 1253 3531 bibendi
1271 3476 1381 3532 deside-

211 3563 328 3621 Caesaris
339 3558 478 3612 victoriam
490 3555 619 3627 judicati,
633 3572 715 3607 omne
727 3572 780 3628 pa-
813 3558 855 3609 rio
870 3557 1040 3631 obsequitur,
1059 3558 1182 3612 morbum
1199 3579 1278 3613 suum
1295 3573 1384 3632 auget.

211 3645 372 3703 stimonium
386 3642 539 3693 amiserant.
554 3647 571 3704 4
584 3637 667 3690 Fama
677 3656 778 3710 peren·
818 3656 849 3691 ro
862 3642 975 3713 Fugiens
988 3644 1088 3696 &venis
1099 3681 1106 3707 ,
1118 3640 1147 3695 id
1159 3658 1216 3708 est,
1229 3655 1266 3696 ex
1286 3644 1382 3717 hepate

213 3735 258 3786 uis
277 3723 418 3781 Proculeio
438 3722 648 3795 superveniens,
667 3719 779 3777 extollet
814 3722 956 3777 infirmato.
974 3745 1002 3777 ιι
1018 3726 1054 3791 Et
1064 3727 1116 3779 nisi
1127 3727 1224 3799 fugerit
1233 3745 1268 3779 ex
1280 3725 1382 3800 pallido

213 3833 277 3869 eum
286 3823 376 3884 penna
385 3802 558 3877 cujus‚nulla
566 3820 682 3876 unquam
692 3802 778 3856 disso-
814 3820 842 3860 et
862 3808 936 3879 pigro
959 3826 1069 3881 corpore
1090 3810 1147 3882 ipse
1168 3808 1310 3882 hydrops,
1336 3809 1381 3882 qui

212 3898 281 3953 lutio
291 3894 379 3946 lutura
390 3904 445 3943 est:
457 3886 620 3960 significatur
628 3889 777 3956 aeternitas,
814 3907 909 3962 aquam
922 3888 1077 3948 inducendo
1094 3891 1159 3949 facit
1174 3891 1338 3966 languorem
1353 3892 1381 3946 in

128 3978 131 3983 ’
209 4000 271 4056 quas
286 3992 374 4047 neque
387 3973 456 4046 perit
468 3989 555 4046 neque
567 3968 654 4043 perite
670 3972 780 4053 1130le
814 3988 936 4053 corpote:¹
