2842 4750
214 308 287 389 133
601 332 639 401 Q.
692 329 970 388 nonarrr

359 457 612 550 Meroemur,
639 461 656 510 ⁶
681 459 769 563 quis
793 488 937 566 aquam
961 479 1152 566 temperet
1171 466 1347 570 ignibus,

305 587 433 688 7Quo
461 585 658 688 praebente
690 587 878 681 domurn,
906 608 946 667 et
972 609 1091 694 quota
1145 630 1149 651 ι

356 708 573 813 8Pelignis
598 740 753 789 caream
778 713 1015 819 frigoribus,
1042 733 1159 798 taces.

304 840 414 915 9Da
437 839 541 916 lunae
568 869 728 945 propere
752 837 893 939 novae,

356 966 420 1040 Da
446 965 570 1044 noctis
594 967 763 1064 mediae,
786 970 864 1064 da,
886 996 1007 1074 puer,
1031 969 1189 1074 auguris

304 1093 484 1171 Mureuae
508 1125 518 1171 ι
543 1109 576 1146 11
597 1095 723 1172 tribus
746 1114 815 1174 aut
834 1123 978 1173 novem
1159 1110 1162 1117 '

356 1216 574 1297 Miscentur
595 1220 748 1325 cyathis
769 1219 912 1324 pocula
939 1236 970 1271 11
999 1218 1223 1298 commodis.

305 1341 384 1446 Qui
409 1346 542 1423 Musas
565 1364 673 1423 amat
698 1363 730 1399 11
753 1348 946 1451 impares,

258 1520 260 1522 -
354 1467 387 1519 13
414 1470 560 1547 Ternos
586 1487 645 1546 ter
666 1469 829 1574 cyathos
853 1471 1037 1548 attonitus
1060 1485 1166 1575 petet

305 1607 342 1660 ³4
367 1597 518 1675 Vates:
544 1613 620 1675 tres
640 1597 824 1701 prohibet
846 1626 960 1702 snpra

354 1721 550 1801 Rixarum
578 1741 752 1801 metuens
778 1741 940 1829 tangere
969 1723 1131 1816 Gratia,

304 1843 340 1894 ¹⁵
365 1847 493 1924 Nudis
520 1848 655 1947 juncta
680 1846 886 1931 sororib'us.

353 1971 529 2050 Insanire
559 1976 592 2026 1⁶
615 1974 737 2074 juvat.
760 1988 793 2044 17
817 1977 897 2054 Cur
916 1973 1188 2078 Berecynthia

304 2094 463 2172 Cassant
487 2098 649 2175 flamina
677 2098 819 2180 ribiaer
892 2154 896 2161 -

354 2226 435 2303 Cur
460 2228 604 2331 pendet
629 2229 752 2305 tacita
775 2229 903 2306 fistula
930 2256 1022 2304 cum
1046 2226 1162 2332 lyra?

301 2349 337 2402 13
362 2351 667 2456 Parcentesjego
696 2354 874 2430 dexteras
1100 2453 1103 2466 Ι

354 2475 433 2551 Odi
461 2508 470 2553 ι
498 2493 530 2544 19
556 2505 692 2581 sparge
721 2506 835 2557 rosas.
864 2477 1018 2554 Audiat
1038 2475 1197 2555 invidus

238 2661 257 2714 6
274 2659 343 2730 Quis
363 2657 493 2730 balneum
516 2659 679 2729 calefaciam
702 2682 767 2717 narn
784 2659 955 2736 'paucissimi
976 2675 1039 2713 sunt
1060 2660 1200 2727 conviva,
1226 2680 1284 2715 non
1296 2680 1365 2736 pau-

202 2758 306 2797 vateres
315 2762 372 2795 non
381 2743 433 2795 nisi
446 2742 495 2797 loti
509 2758 536 2798 et
552 2747 627 2798 uncti
642 2745 766 2801 discum-
801 2748 888 2801 ciores
900 2763 958 2798 esse
973 2742 1073 2798 debent
1086 2762 1167 2818 qnam
1177 2757 1248 2811 tres,
1264 2760 1292 2798 et
1304 2763 1365 2798 cunr

202 2825 314 2880 habant.
323 2844 339 2898 7
347 2827 453 2892 Taces,
466 2829 541 2899 cujus
549 2826 637 2895 domi,
647 2844 675 2882 et
684 2846 767 2903 quota
800 2828 928 2902 plurimi,
941 2847 998 2881 non
1008 2825 1097 2900 plures
1106 2830 1187 2900 quarn
1200 2846 1317 2891 novem,
1331 2844 1365 2879 na

155 2947 158 2956 .
200 2908 268 2963 hora
280 2924 417 2965 comantes
430 2909 571 2984 Pelignum
583 2910 665 2986 frigus
684 2912 765 2968 lucu·
800 2914 866 2966 rixae
882 2912 1035 2966 excitentur
1049 2929 1085 2962 ex
1096 2908 1234 2963 ebrietate.
1248 2931 1277 2963 ιι
1291 2910 1366 2983 Cya-

200 2990 276 3046 lento
295 2993 356 3047 foco
374 2993 569 3067 propulsemus.
592 2996 609 3047 8
623 2994 766 3068 Pelignum
800 2995 856 3049 this
872 2993 1098 3050 convenientibus
1113 2995 1210 3067 cuique
1223 2995 1288 3048 suis.

202 3088 244 3126 est
253 3075 380 3150 oppidum
399 3076 471 3151 apud
487 3075 640 3146 Samnites,
657 3094 766 3152 propter
850 3096 882 3136 ιι
909 3078 996 3131 Musa
1023 3091 1085 3130 sunt
1113 3096 1227 3131 numero
1255 3091 1367 3131 novem-⁴

198 3172 305 3211 montes
315 3158 452 3233 frigidum.
805 3160 837 3217 ιδ
850 3162 951 3217 Novius
969 3159 1054 3214 bibet.
1077 3168 1108 3227 ¹4
1131 3159 1214 3214 Poeta
1236 3164 1366 3215 attonitus

246 3260 265 3312 9
289 3242 416 3298 Horatius
438 3242 581 3319 alloquitur
605 3247 765 3320 pincernam
801 3263 829 3303 er
846 3247 920 3321 quasi
936 3246 990 3317 jam
1003 3259 1156 3317 stupescent
1169 3263 1205 3298 ex
1221 3245 1365 3298 nimiovi-

199 3343 332 3397 puerum,
352 3330 425 3401 qnasi
446 3329 500 3399 jam
517 3332 551 3382 sit
569 3333 599 3383 in
617 3333 763 3399 convivio,
799 3350 847 3386 no.
871 3329 901 3383 15
915 3326 1003 3382 Nudas
1018 3325 1121 3381 idcirco
1134 3327 1272 3402 finguntur
1290 3325 1365 3386 Gru,

199 3405 383 3480 dicenapuero
393 3409 441 3462 :da
449 3411 679 3468 festinanterlunae
686 3434 765 3468 novae
800 3417 843 3468 tiae
856 3452 864 3479 ,
878 3414 941 3487 quia
954 3413 1013 3465 sine
1030 3410 1092 3465 fuco
1109 3429 1165 3466 esse
1184 3409 1295 3465 debent.

199 3489 346 3561 poculum,
369 3491 399 3545 id
424 3509 485 3559 est,
507 3494 578 3549 luna
605 3499 764 3569 vespertinas
814 3549 817 3552 ,
838 3495 870 3548 ι6
892 3496 972 3548 Juvat
997 3511 1042 3548 ms
1067 3493 1195 3550 inebriari
1215 3510 1243 3549 et
1265 3493 1366 3549 fruere:

200 3586 229 3624 et
244 3574 372 3641 orientis,
390 3578 452 3649 quia
463 3576 495 3630 ab
506 3576 559 3632 hoc
573 3592 692 3653 ternpore
704 3598 765 3632 coe·
803 3594 834 3652 17
851 3578 907 3633 Cur
923 3593 1030 3633 cessant
1050 3580 1109 3631 soni
1130 3578 1204 3632 tibiae
1221 3578 1364 3652 Phrygiae,

197 3672 235 3706 na
253 3657 362 3733 initium
381 3660 462 3732 capit.
485 3663 529 3712 Da
553 3664 641 3716 noctis
663 3660 763 3716 mediae
799 3679 857 3738 qure
878 3665 959 3716 sarus
975 3660 1162 3735 Berecynthia
1178 3665 1270 3715 matris
1284 3664 1364 3714 Deo-

195 3737 343 3810 poculum,
366 3758 431 3793 nam
454 3741 489 3796 ad
507 3743 625 3798 mediam
651 3760 762 3798 noctem
797 3765 857 3800 rum
874 3744 997 3798 adhiberi
1012 3759 1197 3799 consueverat.
1219 3744 1363 3797 18Manun

196 3838 276 3873 corna
291 3821 496 3895 producebatur.
511 3830 555 3880 Da
573 3829 679 3903 auguris
691 3827 763 3880 Mu·
798 3830 896 3882 otiosas
913 3826 1014 3882 ttibiae
1027 3842 1128 3895 cantu,
1148 3827 1192 3881 vel
1204 3844 1285 3900 parce
1304 3828 1365 3877 mi-

197 3921 270 3956 renoe
291 3906 437 3978 cyathum,
458 3908 487 3963 id
507 3926 565 3975 est,
583 3911 612 3962 in
629 3909 762 3963 honorent
796 3913 950 3965 nistrantes.
974 3910 1044 3988 r90
1065 3930 1132 3984 puer
1149 3913 1273 3984 insperge
1288 3924 1364 3963 rosas

196 3986 330 4063 Murenae,
337 3993 382 4063 qui
391 3996 501 4065 augurio
511 3993 639 4066 pollebat.
652 3994 761 4047 roCum
798 4010 910 4070 mensa..
