2842 4750
382 329 871 388 canmrnun'ate.
924 335 952 388 1.

282 486 313 524 ¹¹
339 470 470 549 Ebria.
491 487 531 523 ‘¹²
552 471 628 546 Sed
649 469 792 545 minuit
813 469 984 545 furorem

178 597 273 676 Vix·
287 587 365 670 ima
387 624 512 699 sospes
533 595 645 671 navis
670 595 721 670 ab
744 583 925 698 ignibus:

180 702 439 824 Montemque⁴
459 721 492 773 ¹3
509 721 754 825 lymphatam
776 720 991 796 Mareotico

231 850 402 953 Redegit
423 864 456 916 14
478 850 522 926 in
546 879 655 927 veros
677 850 834 933 timores

281 974 436 1065 Caesar,
461 973 511 1048 ab
533 974 649 1050 Italia
673 973 705 1023 ¹⁵
731 971 930 1051 volantem

134 1092 138 1099 ⁵
180 1100 219 1148 ²⁶
241 1098 375 1174 Remis
396 1097 614 1202 adurgens,
639 1096 830 1202 accipiter
852 1097 961 1174 velut

180 1222 323 1300 Molles
346 1222 573 1316 columbas,
600 1240 667 1300 aut
692 1223 864 1326 leporem
890 1222 988 1298 citus
1020 1236 1022 1242 ‘

232 1351 406 1430 Venator
429 1350 472 1425 in
494 1350 639 1452 campis
664 1349 805 1467 pivalis
950 1442 952 1447 ι

282 1474 553 1569 17AEmoniae,
579 1476 690 1553 daret
713 1492 757 1552 ut
783 1477 930 1552 catenis

178 1600 316 1677 Fatale
339 1602 552 1678 monstrum
575 1626 584 1679 τ’
610 1632 699 1706 quas
721 1603 939 1705 generosius

179 1728 314 1804 Perire
338 1757 513 1832 quaerens
527 1787 539 1821 ‚
553 1717 600 1780 '13
622 1757 694 1804 nee
719 1710 979 1804 muliebriter*

231 1854 401 1955 Expavit
422 1881 579 1947 ensem,
603 1882 676 1930 nee
699 1854 863 1929 latentes
939 1874 942 1879 ’

283 1978 411 2055 Classe
436 1981 514 2055 cita
538 1979 735 2082 reparavit
755 2006 851 2056 oras.

179 2103 289 2178 Ausa
313 2119 353 2178 et
375 2120 407 2171 Ῑ9
429 2104 622 2205 jacentem
646 2105 771 2181 visere
791 2103 942 2205 regiam

181 2226 307 2310 Vultu
328 2224 460 2305 sereno
482 2229 616 2321 fortis,
639 2246 674 2280 ²0
696 2245 736 2304 et
757 2255 909 2329 asperas

230 2358 415 2434 Tractare
439 2374 657 2461 serpentes,
686 2373 730 2433 ut
752 2372 783 2408 21
808 2370 937 2432 atrum

278 2487 444 2588 Corpore
467 2486 706 2563 combiberet
726 2508 949 2577 venenum,

179 2628 213 2664 2²
232 2610 462 2689 Deliberata
485 2630 608 2689 morte
630 2599 819 2707 ferocior3

56 2811 145 2857 taret
156 2814 216 2869 quae
223 2795 352 2868 speranda
363 2816 419 2851 non
434 2811 518 2852 erant.
541 2819 569 2850 11
583 2800 641 2851 Re-
673 2796 750 2851 illam
758 2799 788 2851 in
794 2795 902 2851 vincula
911 2798 1058 2867 conjiceret
1065 2797 1138 2868 quasi
1146 2813 1240 2848 mons-

57 2885 123 2938 bus
142 2878 269 2933 secundis
283 2878 370 2947 elata,
387 2895 414 2933 et
424 2881 459 2935 ob
471 2881 524 2935 hoc
537 2882 641 2954 impro-
673 2896 745 2935 trum
756 2880 815 2935 fatis
826 2879 876 2934 tibi
886 2895 1058 2934 reservatum.
1074 2896 1103 2949 ¹7
1113 2877 1238 2932 Thraciae

56 2963 156 3030 vida,
174 2978 203 3015 ut
218 2962 306 3017 solent
322 2983 378 3017 esse
395 2963 471 3017 ebrii,
674 2964 707 3017 ab
721 2964 853 3019 Haemona
864 2978 975 3028 monte,
988 2961 1084 3035 frigido
1097 2976 1124 3013 et
1133 2961 1241 3014 niveam

112 3066 146 3102 12
166 3045 220 3100 Sed
238 3047 294 3118 ejus
310 3048 340 3099 in
358 3045 488 3120 sperando
506 3049 639 3102 insaniam
677 3048 709 3101 18
724 3048 783 3101 Nec
797 3065 873 3103 more
887 3045 1030 3099 mulierum
1047 3046 1172 3097 extimuit
1187 3062 1240 3095 en-

58 3131 234 3204 compressit
246 3132 292 3200 vix
307 3150 361 3183 una
378 3132 455 3184 navis
466 3133 639 3204 superstesin
674 3149 747 3196 sem,
765 3148 816 3183 nec
833 3127 913 3182 celeri
930 3130 1037 3199 navigio
1057 3128 1086 3179 in
1105 3126 1241 3179 abstrusas

58 3234 126 3292 qua
136 3212 207 3285 sugit
216 3212 366 3287 Cleopatra.
383 3213 413 3265 13
422 3213 545 3266 Mentem
555 3212 640 3266 furio-
674 3213 791 3286 AEgypti
803 3210 919 3266 latebras
932 3230 959 3264 se
972 3208 1101 3277 contulit,
1114 3210 1162 3264 ubi
1175 3209 1240 3263 latiss

58 3317 131 3354 sam
149 3297 231 3362 vino,
247 3296 319 3370 quod
331 3296 402 3370 apud
417 3295 596 3350 Mareotidem
609 3299 638 3350 in
673 3312 772 3359 taret..

58 3378 638 3453 AEgyptopaludemnascitur‚velmeutem
714 3399 754 3453 ¹9·
776 3380 898 3452 Regnum
919 3397 997 3431 suum
1020 3374 1189 3449 desperatum
1211 3388 1239 3428 et

57 3464 222 3519 fanaticam
229 3463 371 3517 Mareotici
381 3465 455 3536 regni
463 3504 470 3529 ‚
484 3464 514 3518 id
527 3480 580 3530 est,
594 3464 639 3516 re·¹
673 3463 818 3536 dejectum.
833 3481 867 3516 20
878 3465 914 3516 Et
925 3462 1020 3527 fortis,
1035 3459 1063 3513 id
1077 3475 1131 3525 est,
1145 3461 1238 3531 impa-

58 3545 290 3622 gniAEgyptiaci
302 3546 636 3620 opulentiadementatam.
672 3546 736 3600 vida
751 3547 786 3601 ad
804 3545 977 3621 apponendos
996 3565 1043 3599 auo
1058 3544 1163 3616 corpori
1182 3559 1239 3593 ser-

110 3650 144 3696 14
160 3631 191 3682 ln
202 3632 311 3684 timores
322 3627 443 3684 mentem
456 3621 512 3703 ejus
524 3633 639 3704 graviter
672 3646 776 3702 pentes.
793 3650 838 3684 21.
856 3629 920 3685 Ideo
935 3645 1040 3695 atrum,
1054 3629 1117 3701 quia
1130 3642 1238 3679 veneno

55 3713 271 3771 concutientes.
291 3715 323 3770 15
337 3714 469 3792 Celeriter
479 3713 635 3786 fugientem.
673 3715 827 3787 interempti
849 3714 1004 3788 plerumque
1029 3714 1182 3785 nigrescunt
1209 3722 1238 3758 et

61 3798 105 3853 16
123 3794 204 3849 Ordo
220 3813 276 3863 est,
290 3797 377 3853 Caesar
392 3800 473 3851 remis
489 3797 634 3870 adurgens,
671 3797 808 3852 inflantur.
831 3813 868 3851 π
888 3798 997 3869 Propter
1015 3794 1188 3848 deliberatam
1207 3805 1236 3842 et

54 3880 94 3937 id
111 3892 176 3943 est,
190 3879 269 3934 celeri
287 3883 456 3955 navigatione
467 3880 636 3955 Cleopatram
671 3880 883 3954 praemeditatam
898 3895 1011 3934 mortem
1031 3875 1177 3949 promptior
1192 3870 1238 3925 el-

54 3980 234 4040 persequens
251 3961 347 4037 (velut
360 3966 503 4040 accipiter,
517 3963 635 4038 etc.)·ut
671 3963 741 4021 fecta
757 3979 784 4020 et
801 3963 934 4032 ferocior,
953 3980 1033 4034 quam
1050 3959 1123 4031 prius
1140 3960 1240 4035 menn
1341 4023 1344 4028 ,
