2842 4750
209 291 260 379 26
598 312 635 381 Q.
689 307 971 367 uonrrrr
1079 362 1085 370 .

259 452 294 491 ²2
317 440 453 542 Nuper
473 435 684 514 sollicitum
703 466 793 541 quae
813 436 913 512 mihi
935 436 1119 531 taedium,

260 564 294 617 ²3
318 566 434 640 Nune
455 562 716 655 desiderium,
738 591 909 667 curaque
935 592 1013 639 nou
1031 563 1151 656 levis,

310 693 503 770 Interfusa
526 708 561 759 24
579 693 748 769 nitentes

359 819 394 870 ²⁵
415 817 528 899 Vites
553 846 710 922 aequora
736 820 771 870 ²⁶
795 816 998 921 Cycladas.

200 1002 328 1078 'amplius
337 1021 445 1059 movere
454 1000 566 1057 bellum.
578 1019 613 1055 aa
623 1000 649 1056 0
659 1002 777 1076 Respub·
813 1002 883 1070 deo,
904 1019 934 1057 ut
948 1004 1033 1076 fugias
1048 999 1230 1075 periculorum
1245 1002 1388 1073 angustias

213 1106 272 1159 quae
283 1085 350 1140 mihi
363 1105 401 1141 ex
412 1087 464 1138 tuis
477 1084 554 1138 malis
567 1085 778 1140 sollicitudinem
812 1086 908 1159 quibus
926 1101 953 1140 te
972 1085 1050 1139 facile
1070 1087 1201 1138 extricare
1216 1103 1280 1138 non
1292 1088 1387 1157 possis.

214 1183 242 1221 et
260 1168 369 1225 toedium
383 1162 537 1225 induxeras.
559 1170 592 1222 23
615 1171 684 1240 Quae
703 1189 778 1224 nunc
814 1171 849 1224 26
859 1168 982 1244 Cycladae
994 1168 1286 1222 suntinsulaein'mari
1298 1170 1386 1232 lonis,

215 1271 260 1306 me
280 1252 419 1307 absentem
445 1255 483 1307 tui
510 1252 642 1306 desiderio
663 1252 757 1307 allicis.
814 1271 1008 1316 numerumn,
1029 1253 1067 1305 sic
1085 1251 1243 1325 appellatae,
1264 1250 1343 1325 quod
1359 1252 1388 1302 in

214 1344 251 1402 24
261 1334 391 1409 Cycladas
403 1334 482 1409 longe
490 1351 656 1411 apparentes.
666 1338 700 1392 25
711 1337 781 1390 Sua·
815 1335 891 1410 Cycli
902 1335 1015 1394 formam
1024 1333 1224 1409 disponuntur..

648 1532 790 1608 ODE
840 1531 950 1609 XV.

410 1736 537 1810 Nerei
558 1742 795 1810 vaticinium
816 1733 867 1806 de
891 1737 1010 1806 ruina
1039 1730 1182 1830 Trojca

268 1946 283 1984 1
305 1892 513 2008 PASTOR
541 1959 633 2006 eum
656 1929 829 2006 traheret
849 1956 918 2032 per
940 1927 1040 2002 freta
1064 1908 1234 2005 navibus

268 2071 285 2107 2
306 2056 421 2132 Idaeis
443 2056 636 2133 Helenam
657 2056 674 2108 3
694 2055 862 2161 perfidus
885 2053 1107 2159 hospitam,

268 2197 287 2248 4
309 2185 466 2287 Ingrato
490 2182 633 2292 celeres
655 2181 786 2260 obruit
808 2180 886 2260 otio

318 2308 491 2403 Ventos,
516 2325 739 2386 uteaneret
760 2308 775 2356 ⁵
798 2307 880 2383 fera

269 2437 287 2484 ⁶
312 2434 461 2510 Nereus
483 2434 576 2513 fata.
602 2451 618 2501 7
641 2433 751 2510 Mala
775 2432 884 2507 ducis
905 2431 972 2505 avi
999 2430 1186 2521 domum,

269 2559 287 2609 ⁸
309 2560 438 2659 Quam
457 2561 581 2637 multo
603 2577 751 2665 repetet
776 2560 930 2636 Graecia
953 2557 1108 2651 milite,

270 2698 287 2751 9
311 2683 516 2783 Coujuratu
547 2705 628 2762 tuas
652 2703 684 2739 10
706 2713 887 2789 rumpere
910 2684 1089 2787 nuptias,

320 2807 370 2882 Et
388 2837 553 2912 regnum
575 2810 726 2911 Priami
749 2827 872 2888 vetus,

272 2946 303 2983 ¹¹
327 2931 464 3040 Eheu!
491 2952 658 3040 quantus
685 2938 821 3041 equis,
849 2953 1016 3041 quantus
1041 2937 1150 3012 adest
1168 2936 1264 3013 viris

273 3077 306 3113 ¹²
328 3064 475 3142 Sudor!
500 3060 645 3169 quanta
667 3095 798 3143 moves
823 3066 854 3117 13
876 3066 1015 3142 funera
1036 3064 1233 3139 Dardanae

265 3238 275 3270 ι
292 3218 374 3276 Paris.
391 3238 408 3271 2
423 3220 543 3279 Navibus
554 3220 689 3276 fabricatis
697 3223 728 3274 iu
740 3218 787 3273 lda
822 3218 858 3276 ad
869 3217 979 3274 domum
988 3233 1128 3292 paternam
1137 3216 1214 3270 ducis
1222 3215 1360 3271 Helenam
1372 3213 1381 3266 l
1386 3255 1389 3264 .

142 3333 151 3338 -
224 3300 346 3373 Phrygiae
355 3317 465 3365 monte,
478 3304 524 3357 uhi
537 3304 611 3358 Paris
622 3304 673 3359 fuit
682 3303 787 3358 educa·
868 3303 987 3373 8Quam
996 3302 1178 3356 Graecianum
1191 3318 1290 3372 magno
1304 3317 1391 3353 exer-

224 3398 277 3438 tus.
292 3383 435 3437 srerfidus
446 3425 454 3448 ,
466 3388 592 3458 quiajura
600 3386 788 3459 hospitalitatis
824 3388 880 3440 citu
894 3387 1020 3459 requiret.
1034 3405 1052 3457 9
1065 3382 1200 3437 Omnibus
1215 3379 1393 3452 jurejurando

225 3466 349 3542 fregerat.
373 3477 389 3534 4
407 3467 472 3521 Orio
494 3468 608 3524 molesto
632 3470 790 3542 compressit
824 3472 854 3522 in
871 3485 949 3543 portu
969 3467 1074 3522 Aulidis
1091 3466 1245 3526 obstrictis,
1265 3461 1300 3518 ad
1313 3481 1391 3522 una-0

226 3565 323 3605 ventos
334 3570 370 3604 ne
380 3554 510 3623 spirarent
521 3573 527 3606 :
539 3553 609 3608 nihil
619 3556 692 3608 enim
700 3555 791 3606 ventis
825 3554 933 3612 nimiter
943 3549 1142 3612 dimicandum,
1155 3546 1242 3600 donec
1251 3545 1391 3601 Helenam

227 3636 315 3708 magis
332 3649 373 3687 est
392 3637 526 3707 ingratum
543 3653 622 3709 quam
640 3657 696 3691 non
717 3635 792 3690 llare.
827 3649 916 3694 essent
936 3636 1019 3690 nacti.
1052 3652 1083 3686 ro
1100 3627 1252 3696 Dissolvere
1278 3627 1389 3682 illicitas

228 3717 246 3770 5
262 3719 327 3775 Fata
337 3715 459 3771 luctuosa
473 3738 530 3772 uon
542 3716 628 3774 solum
644 3718 733 3776 Paridi
744 3717 792 3772 sed
827 3719 950 3790 nuptias,
965 3732 993 3772 et
1005 3729 1124 3771 evertere
1138 3712 1280 3785 antiquum
1288 3708 1389 3764 Priami

229 3801 355 3855 omnibus
366 3805 447 3856 etiem
460 3804 593 3874 Troianis.
608 3804 626 3857 6
640 3806 713 3858 Deus
728 3822 793 3855 ma·
828 3820 950 3874 regnum.

230 3885 391 3940 rinusPonti
400 3884 485 3953 lilius,
499 3887 665 3941 &mendacio
677 3886 790 3940 alienus.
868 3905 896 3937 rr
912 3883 1039 3940 Dolentis
1051 3896 1101 3935 est.
1121 3896 1153 3933 ια
1168 3868 1258 3933 Labor
1266 3877 1390 3933 bellicus·

231 3966 287 4039 7⁴0
302 3969 381 4039 Pari,
398 3985 427 4026 tu
443 3969 552 4044 quidem
567 3968 645 4030 malis
668 3971 793 4044 auspiciis
832 3967 992 4041 13Quantas
998 3982 1097 4041 strages
1103 3982 1258 4021 commoves
1265 3962 1391 4035 Trojano
