2842 4750
206 317 279 392 140
516 308 518 313 “
599 324 637 395 Q.
691 322 968 383 uoaarrt

300 449 317 501 3
342 450 504 529 Arbiter
533 454 866 558 pugnae-posuisse
897 450 1006 555 nudo

454 577 535 655 Sub
563 581 661 681 pede
690 579 865 683 palmam

301 701 460 797 Fertur,
481 721 498 771 9
521 687 560 779 et
582 705 662 782 leni
685 732 865 782 recreare⁴
887 718 1002 782 vento

301 830 485 930 Sparsum
511 831 679 910 odoratis
707 833 917 911 humerum
944 827 1093 935 capillis
1111 859 1125 905 :¹

303 952 440 1051 Qualis
464 971 533 1030 aut
560 971 592 1008 1⁰
620 956 763 1035 Nireus
787 956 887 1049 fuit,
912 970 979 1046 aut
1002 964 1147 1055 aquosa

449 1094 480 1130 1¹
509 1082 660 1186 Raptus
687 1082 904 1160 ab121da.

205 1216 286 1271 8llla
297 1217 451 1288 Nearchus,
465 1211 538 1296 quasi
553 1242 648 1297 pugna
658 1221 767 1290 ludex,
803 1218 838 1274 ad
854 1221 1002 1293 Trojanum
1017 1216 1121 1272 bellum
1139 1223 1290 1281 venerunt,
1309 1224 1359 1266 οι·-ι

204 1296 303 1354 dicitur
316 1301 414 1358 habere
431 1308 460 1358 iu
476 1324 522 1360 aua
533 1321 663 1379 potestate
680 1308 768 1361 victo-
803 1320 882 1377 cepto
899 1301 1005 1358 Achille
1018 1300 1251 1377 ,formosissimae
1265 1316 1291 1349 ιι
1305 1294 1361 1347 Ga„

178 1454 181 1458 Δ
204 1387 292 1451 riam,
310 1401 356 1456 ut,
378 1391 430 1442 utri
449 1390 530 1457 velit,
551 1392 692 1444 victoriam
712 1388 766 1442 ad·
801 1383 1199 1456 nimedec.121da,1‘hrygiae
1215 1399 1293 1438 mono
1305 1393 1362 1444 eota

203 1465 316 1538 judicet.
341 1488 360 1541 9
382 1472 418 1525 Et
445 1471 529 1527 fertur
550 1490 690 1538 recreare,
714 1487 766 1527 ate.
802 1471 921 1526 fontibus
951 1468 1110 1536 abundans,
1131 1464 1204 1520 unde
1229 1464 1283 1518 duo
1309 1462 1359 1518 de-

204 1566 241 1605 no
251 1550 311 1605 Rex
319 1550 392 1606 Naxi
404 1593 413 1625 ,
425 1557 548 1609 omnium
555 1554 713 1610 Graecorum
722 1552 784 1631 qui*
803 1554 890 1610 lluunt
904 1554 996 1621 fluvii,
1011 1550 1174 1607 Scamander
1188 1565 1214 1605 et
1230 1549 1337 1619 Simalo,

216 1692 220 1699 ’
331 1748 425 1825 au
477 1750 927 1829 Arurttoauru.
980 1748 1065 1826 oue
1100 1747 1241 1826 xxi.

290 1948 352 2028 [Ut
372 1958 416 2026 in
438 1952 600 2030 Corvini
618 1959 796 2053 gratiam
816 1944 918 2027 uino
941 1971 1095 2026 uetusta
1114 1966 1281 2055 promat.

305 2102 400 2222 10
429 2167 562 2225 rara
590 2136 748 2226 mecum
772 2149 938 2227 Consule
963 2147 1143 2240 Manlio,

304 2286 321 2324 ²
341 2274 417 2350 Seu
439 2291 481 2350 tu
507 2274 709 2380 querelas,
732 2278 814 2354 sive
840 2277 940 2381 geris
961 2274 1090 2373 jocos,

356 2404 434 2480 Seu
455 2406 606 2498 rixam,
632 2424 671 2481 et
692 2407 845 2483 insenos
869 2432 1044 2496 amores,
1151 2407 1153 2410 ’

406 2529 481 2603 Seu
507 2529 691 2621 facilem,
719 2529 784 2638 pia
809 2545 933 2619 testa,
957 2518 1161 2607 somnum}

306 2652 322 2728 ³
347 2652 603 2755 Quocumque
627 2652 774 2727 lectum
798 2651 956 2728 nomine
980 2651 1216 2756 Massicum¹

203 2753 207 2767 ι
305 2773 469 2868 servas,
494 2776 644 2852 moveri
670 2777 789 2880 digna
809 2793 827 2843 4
849 2775 952 2852 bono
978 2775 1043 2853 die
1058 2791 1081 2869 ς’

287 2975 290 2982 .
352 2905 585 2997 Descende,
611 2907 626 2956 ⁵
650 2905 818 2984 Corvino
841 2903 1028 3003 jubente,

404 3039 589 3113 Promere
612 3036 630 3085 ⁶
651 3033 898 3138 languidiora
921 3035 1027 3111 vina.

302 3163 431 3238 tNon
453 3143 550 3254 ille,
575 3153 804 3265 quanquam
830 3158 1036 3237 Socraticis
1060 3157 1194 3234 madet

238 3322 255 3362 'r
270 3308 354 3383 Opia
367 3323 434 3363 taeta
448 3323 512 3363 nata
524 3328 650 3377 mecum,
665 3309 694 3363 id
710 3325 767 3377 est,
804 3329 892 3364 cervas
907 3311 1000 3362 vinum
1013 3308 1183 3383 Campanum
1199 3310 1230 3362 in
1245 3307 1364 3363 Moesicis

204 3413 267 3449 eum
285 3410 335 3465 ego
347 3410 470 3446 nascerer
485 3394 598 3446 venusii
613 3394 644 3445 in
661 3392 767 3465 Apulia.
804 3392 941 3446 montibus
966 3408 1079 3459 uatum,
1104 3390 1221 3446 electum
1243 3410 1292 3465 pro
1311 3409 1362 3463 op-

202 3496 223 3531 n
238 3478 314 3530 Varii
331 3490 393 3528 sunt
410 3476 467 3527 vini
480 3474 612 3541 effectus,
629 3477 705 3546 juata
720 3494 769 3529 va-
803 3478 881 3548 timo.
899 3485 916 3543 4
933 3478 987 3530 Die
1007 3476 1084 3532 festo.
1104 3475 1179 3529 5E1
1200 3474 1282 3528 verbo
1301 3474 1363 3527 des-

204 3562 245 3613 ria
266 3559 408 3611 hominum
425 3561 636 3630 temperamenta
647 3571 675 3610 et
688 3559 769 3631 inge·
805 3558 940 3614 condendi
950 3559 1076 3633 colligere
1088 3559 1171 3625 licet,
1185 3576 1246 3611 vara
1266 3560 1365 3611 vinaria

204 3644 261 3694 nia.
274 3639 400 3713 Exempli
418 3657 520 3703 causa,
542 3642 564 3692 ri
582 3642 642 3713 quir
658 3638 769 3697 biliosus
805 3646 1015 3717 tunc'temporis
1032 3645 1062 3696 in
1080 3642 1219 3716 apothecis
1242 3641 1362 3696 editiori-

206 3740 235 3777 et
263 3721 539 3788 iracundus-natura,
563 3721 643 3794 paulo
659 3721 769 3777 liberius
804 3724 854 3778 bus
870 3726 950 3779 fuisse
963 3725 1068 3793 locata,
1080 3725 1206 3792 fortasse,
1219 3741 1250 3778 ut
1262 3725 1362 3778 fumosa

176 3820 178 3824 ’
203 3806 296 3871 bibat,
319 3804 365 3858 ille
385 3824 460 3859 auam
486 3804 655 3859 iracundiam
679 3809 769 3864 atatim
803 3806 908 3861 flerent.
927 3809 945 3860 6
967 3810 1038 3861 Vina
1059 3823 1190 3862 vetustata
1212 3809 1329 3861 mitiora.

205 3889 341 3956 declarat,
359 3903 386 3942 et
401 3892 438 3943 cic
453 3889 486 3944 de
505 3888 650 3943 caterinss
669 3888 770 3961 Cujus·
812 3923 817 3932 ·
848 3905 864 3961 7
890 3889 1020 3959 Quamvis
1044 3892 1177 3946 Corvinus
1198 3889 1362 3964 philoeophia

206 3990 322 4045 eumque
333 3966 457 4029 Consulis
474 3975 586 4028 nomine
604 3973 706 4027 notaris
719 4010 728 4045 7
742 3988 769 4029 et
804 3971 939 4029 Socratica
955 3976 991 4031 ait
1004 3973 1116 4032 relerrua
1129 4013 1138 4048 ,
1154 3992 1211 4029 non
1225 3987 1316 4030 tamen
1328 3973 1363 4026 ita
