2842 4750
219 274 268 349 30
613 285 651 354 Q.
705 279 985 348 Hona‘rrr

272 404 422 484 Hostile
445 417 479 457 22
505 409 678 477 aratrum
700 398 892 475 exercitus
915 398 949 448 23
975 394 1153 473 insolens.

272 547 307 598 24
329 533 538 633 Compesce
561 542 756 618 mentem,
778 526 812 576 2⁵
835 553 898 600 me
922 516 1077 627 quoque
1098 524 1133 574 ²⁶
1156 523 1327 626 pectoris

323 654 509 733 Tentavit
532 653 575 730 in
602 651 709 728 dulci
733 649 895 747 juventa
982 721 992 741 ,

372 787 539 876 Fervm,
564 798 603 858 et
624 781 667 859 in
690 780 833 857 celeres
857 777 1011 856 iambos

273 911 385 990 Misit
409 927 442 979 27
464 911 672 987 furentem.
697 909 732 961 23
752 911 867 986 Nunc
892 937 962 1011 ego
985 907 1147 985 mitibus

176 1100 179 1103 .
273 1038 430 1114 Mutare
456 1063 586 1139 quaero
610 1034 762 1127 tristia,
786 1050 820 1101 ²9
847 1033 941 1109 dum
963 1032 1065 1110 mihi

325 1160 414 1237 Fias
439 1159 472 1212 30
496 1160 703 1238 recantatis
728 1159 858 1236 amica

376 1266 628 1388 Opprobriis,
654 1286 685 1338 ³1
713 1288 968 1389 animumque
992 1285 1142 1361 reddas.

264 1455 298 1491 22
315 1435 385 1489 Urbe
397 1450 455 1489 tum
469 1455 526 1489 esse
545 1434 664 1503 desinit,
683 1456 746 1490 cum
759 1438 789 1489 in
825 1434 1396 1491 adolescentiaefervorem.assireestebul·

226 1539 258 1577 ea
273 1535 389 1573 aratrum
398 1520 432 1571 eit
446 1517 661 1573 circumductum
675 1537 682 1571 t
694 1520 789 1573 Aratro
824 1517 884 1572 litio
901 1520 1037 1592 sanguinis
1056 1519 1128 1572 circa
1144 1537 1200 1573 cor.
1220 1537 1255 1590 27
1276 1515 1396 1594 Propter

226 1606 308 1659 etiam
317 1603 397 1676 prisci
406 1603 435 1653 iu
445 1599 594 1655 condendis
603 1601 711 1655 urbibus
724 1617 789 1655 ute·
824 1605 901 1655 irem.

224 1688 333 1742 bantur.
345 1686 457 1737 Interea
470 1681 591 1736 AEneas
606 1685 698 1737 urbem
709 1685 790 1738 desi-
866 1685 902 1739 28
921 1684 1003 1738 Nunc
1026 1682 1120 1737 studeo
1145 1684 1221 1737 mitia
1240 1685 1394 1758 persequi,

223 1785 296 1843 gnae
314 1782 422 1821 aratro.
454 1766 562 1838 Virgil.
586 1765 621 1819 23
645 1768 789 1822 Exercitus
824 1767 1076 1841 tristiarelinquere.
1086 1787 1121 1840 29
1131 1769 1170 1820 Ea
1178 1766 1395 1832 conditione,ut
1412 1830 1415 1837 r

228 1850 440 1925 superbus,quie
447 1849 559 1903 victoria
568 1864 663 1905 notura
671 1850 790 1905 insolens
824 1851 871 1903 fias
882 1851 950 1904 mihi
965 1853 1062 1905 amica,
1079 1851 1113 1903 30
1127 1852 1280 1903 Recautatis
1289 1851 1394 1904 convi-

227 1950 269 1990 ert
278 1949 305 1988 et
314 1932 436 2006 superba.
469 1998 474 2003 .
752 1926 755 1929 v
825 1936 870 1987 tiis
882 1949 960 2006 atque
973 1933 1124 1987 maledictio
1134 1971 1142 1999 ,
1152 1933 1249 2006 quibus
1260 1948 1291 1985 tu
1304 1936 1391 1986 etiam

265 2025 298 2083 24
307 2016 460 2088 Comprime
467 2017 602 2081 animum,
611 2037 713 2072 necme
721 2018 790 2070 imi·
825 2035 869 2068 me
876 2015 1007 2069 lacerasti.
1018 2016 1049 2068 31
1066 2017 1153 2089 Atque
1167 2035 1200 2069 ee
1214 2015 1392 2077 conditione,

225 2115 282 2154 tare
296 2140 303 2165 ,
323 2117 403 2171 quern
420 2100 533 2171 poenitet
550 2101 606 2153 irae.
626 2100 660 2154 25
673 2103 791 2154 Excusat
826 2113 856 2151 ut
868 2102 951 2152 mein
962 2118 1036 2173 spem
1048 2097 1228 2153 duceetecum
1238 2101 1393 2170 ingratiam

228 2201 256 2237 ee
267 2183 395 2237 Horatius
413 2181 554 2237 conferens
573 2184 618 2240 irae
633 2201 742 2238 caueam
760 2186 791 2236 in
826 2181 969 2237 redeundi.

223 2471 226 2478 .
293 2354 386 2432 AD
439 2353 955 2446 TYNDARIDEM.
1009 2354 1095 2434 Ode
1145 2353 1370 2442 XVII..

506 2558 656 2631 Invitat
676 2584 766 2631 eam
790 2561 835 2629 in
859 2556 1109 2635 Lucretilem.
1209 2597 1213 2603 ,

276 2702 500 2819 1Vrrox
526 2722 726 2815 amoenum
749 2765 849 2843 saepe
873 2754 891 2791 2
914 2699 1178 2815 Lucretilem!

275 2867 292 2918 ³
315 2865 448 2943 Mutat
469 2865 611 2967 Lycaeo
632 2864 790 2940 Faunus
816 2894 826 2941 ε
852 2879 890 2938 et
911 2861 1071 2965 igneam

324 3008 342 3058 4
364 2988 556 3065 Defendit
580 3002 752 3064 aestatem
777 2986 935 3091 capellis

375 3118 508 3221 Usque
533 3116 656 3209 meis,
683 3116 698 3166 ⁵
722 3116 952 3221 pluviosque
977 3132 1124 3196 ventos.

275 3246 293 3296 ⁶
313 3245 478 3346 Impune
503 3259 631 3319 tutum
655 3269 725 3345 per
747 3271 883 3319 nemus
910 3242 1066 3320 arbutos

230 3379 234 3384 ’
275 3371 464 3471 Quaeiunt
488 3365 678 3458 latentes,
701 3383 746 3457 ,et
771 3366 908 3469 thyma
930 3383 948 3432 7
973 3365 1100 3441 deviae

236 3484 790 3580 x‚1Caprindspedeehrbentlieuni,ve·
824 3494 966 3550 Faunovel
975 3494 1042 3548 Pani
1051 3511 1186 3568 pastorum
1195 3499 1257 3552 Deo
1266 3499 1391 3557 celebras

225 3577 790 3638 locitatiaccomrnodoe.nLucretilismono
825 3576 934 3632 bantur.
957 3588 974 3646 4
993 3578 1121 3632 Prohibet
1141 3595 1236 3634 testum
1252 3581 1390 3637 fervidum

226 3682 266 3721 eet
278 3668 309 3719 in
327 3663 453 3729 Sabinis,
471 3664 501 3714 in
514 3663 589 3733 cujus
607 3660 677 3736 valle
697 3660 791 3716 villam
828 3660 919 3715 timeie
926 3660 1037 3735 capellis
1048 3701 1056 3729 ,
1066 3681 1159 3735 usque,
1170 3664 1200 3717 id
1210 3680 1260 3731 est,
1270 3685 1388 3744 semper.

225 3747 453 3803 habuitHoratiue
460 3745 678 3801 amoenissimam.
687 3744 703 3798 3
713 3744 788 3818 Saepe
824 3744 841 3797 5
860 3747 963 3799 Ventos
976 3745 1093 3819 pluviam
1107 3745 1232 3801 ferentes.

127 3865 131 3872 ι
227 3831 362 3903 demigrat
378 3830 409 3881 in
431 3824 596 3894 Lucretilem
616 3846 651 3881 ex
671 3829 788 3901 Lycaeo,
859 3827 1388 3900 68inedamno.701entiemaritiuxo-

228 3917 360 3988 quinione
371 3912 447 3980 estio
460 3907 594 3984 Arcadia,
610 3911 638 3972 iu
653 3930 706 3985 quo
716 3929 789 3976 sacra
823 3931 867 3969 ree
876 3910 960 3969 devias
967 3950 976 3987 ‚
987 3910 1016 3967 id
1027 3927 1083 3985 eet,
1096 3913 1205 3986 capelle
1216 3931 1338 3974 errantes
1352 3916 1387 3973 de
