2842 4750
184 345 260 398 220
578 340 618 415 Q.
671 341 951 400 uonarrr

181 469 334 560 Mittis,
357 469 461 547 311e0
482 468 596 548 firmo
614 466 777 569 juveni,
804 489 822 541 4
842 502 915 551 nec
931 471 1036 550 uaris
1054 473 1210 557 ohesae?
1245 498 1249 515 '

232 599 249 647 ⁵
266 600 445 704 Namque
463 601 640 703 sagacius
657 629 757 678 unus
773 601 936 696 odoror,

181 720 378 827 Polypus,
400 751 452 800 an
467 725 596 829 gravis
613 723 772 804 hirsutis
789 727 907 806 cubet
924 729 940 780 ⁶
957 727 1090 806 hircus
1106 728 1151 806 in
1166 728 1265 824 aiis,

232 850 360 951 Quam
379 848 488 927 canis
504 877 620 944 acer,
643 850 715 928 ubi
732 851 855 930 lateat
869 881 942 931 sus.

179 974 308 1077 tQuis
325 975 469 1052 sud0r⁸
483 976 621 1071 vietis,
641 994 679 1055 et
696 1006 817 1084 quam
831 977 958 1056 malus
973 977 1151 1082 undique
1164 976 1346 1059 membris

231 1100 381 1177 Crescit
397 1101 518 1194 odor,
541 1128 630 1179 cum
646 1120 663 1170 ⁹
680 1130 779 1208 pene
797 1105 922 1181 soluto

85 1281 89 1289 -
177 1242 214 1282 ¹0
230 1230 469 1306 Indomitam
486 1250 662 1336 properat
679 1231 832 1310 rabiem
848 1232 1011 1323 sedare,
1036 1246 1067 1283 1¹
1087 1258 1161 1307 nec
1179 1229 1242 1307 illi

229 1358 325 1434 Jam
345 1377 479 1437 manet
502 1360 669 1438 humida
691 1377 827 1453 crata,
851 1358 1033 1465 colorque

178 1496 214 1534 ¹²
232 1483 406 1560 Stercore
424 1484 578 1562 fucatus
595 1482 807 1577 crocodili,
828 1482 988 1587 jamque
1007 1482 1040 1534 ¹3
1055 1478 1236 1559 subando

232 1611 360 1686 Tanta
373 1669 386 1705 ,
399 1609 585 1720 cubilia,
608 1627 642 1678 14
658 1627 838 1716 tectaque
856 1609 1026 1713 rumpit3

178 1732 214 1783 ¹⁵
231 1732 310 1811 Vel
328 1761 417 1810 mea
435 1763 526 1811 cum
541 1734 653 1813 saevis
669 1735 795 1839 agitat
811 1733 969 1812 fastidia
985 1731 1139 1811 verbis!

229 1855 396 1936 Inachia
411 1857 573 1961 langues
590 1858 721 1937 minus
734 1887 816 1953 „ac
832 1886 911 1937 me.

178 1981 387 2061 Inachiam
403 2003 463 2062 ter
478 2003 592 2064 nocte
611 1987 644 2036 ¹⁶
660 2003 795 2090 potes,
816 1985 919 2063 mihi
935 2013 1090 2091 semper
1105 1986 1157 2064 ad
1171 2015 1296 2065 unum

230 2122 265 2180 ¹7
280 2109 415 2188 Mollis
434 2118 547 2216 opus!
567 2111 601 2164 1⁸
617 2116 760 2191 Pereat
777 2112 908 2206 male,
929 2140 1021 2217 quae
1039 2128 1078 2188 te

178 2235 350 2333 Lesbia,
376 2236 566 2344 quaerenti
583 2255 769 2333 taurum,
789 2238 1022 2317 monstravit
1041 2236 1221 2317 inertem.
1253 2304 1255 2311 ,

177 2401 287 2458 licitas?
307 2403 412 2461 3Mihi
430 2405 541 2479 juveni,
554 2407 585 2459 in
597 2391 745 2460 certamine
781 2408 951 2480 agitaverat,
980 2421 1012 2460 ut
1039 2404 1146 2472 fucus,
1171 2426 1226 2480 quo
1255 2406 1354 2463 faciem

177 2500 297 2542 venereo
329 2508 387 2543 non
413 2487 514 2543 valido.
550 2497 568 2556 4
592 2488 647 2544 Sed
673 2492 747 2544 naris
780 2491 984 2563 pinxerat,praa
993 2486 1089 2543 sudore
1099 2488 1253 2544 defluxerit.
1266 2493 1352 2545 raEx

176 2573 356 2638 acutissima,
370 2573 415 2626 cui
428 2588 474 2627 tua
486 2572 673 2628 immundities
683 2572 746 2647 pla-
781 2569 912 2632 crocodili
934 2572 1066 2625 terrestris
1087 2570 1176 2638 fimo,
1199 2587 1227 2626 et
1246 2591 1354 2626 cerussa

176 2673 240 2708 cere
254 2674 312 2707 non
326 2670 423 2728 potest.
441 2656 458 2710 5
470 2657 543 2711 Nam
556 2676 605 2730 ego
618 2655 689 2711 eolus
701 2659 746 2711 ci·
783 2652 797 2727 (
804 2672 885 2727 quam
898 2653 980 2707 Poeta
992 2652 1039 2707 hic
1052 2668 1154 2707 cretam
1168 2653 1311 2729 appellat)
1325 2655 1356 2708 iit

176 2739 231 2790 tius
250 2735 347 2792 odoror
366 2754 455 2793 utrum
479 2738 576 2794 mulier
597 2738 746 2814 polypum,
781 2734 1012 2790 medicamentum
1023 2733 1058 2788 ad
1069 2738 1153 2789 cutim
1163 2734 1281 2789 nitidam
1295 2757 1354 2791 serh

177 2819 287 2889 idest,
305 2822 412 2875 uarium
431 2822 556 2876 morbum
573 2821 691 2891 habeat,
710 2843 747 2898 ap
781 2819 908 2874 vendam.
933 2819 1087 2875 13Clunes
1109 2818 1239 2894 agitando
1260 2835 1358 2874 trans-

177 2922 287 2975 gravem
301 2904 428 2973 hircum,
444 2904 545 2972 idest,
560 2904 684 2959 foetorem
698 2922 747 2961 te·
782 2901 848 2956 latio
867 2918 908 2958 est
927 2902 944 2955 a
963 2901 1064 2957 suibus.
1088 2912 1121 2972 ¹4
1138 2903 1216 2958 Lecti
1235 2902 1357 2979 stragula

176 3000 251 3040 trum
267 2988 297 3042 in
311 2987 361 3043 alis
378 2988 393 3063 (
401 2989 481 3044 citius
498 2990 610 3062 inquam
626 2987 756 3063 odoror)
782 2988 869 3040 nimio
885 3000 962 3040 motu
979 2988 1093 3060 rumpit.

174 3087 258 3141 quam
276 3075 352 3126 canis
368 3074 482 3128 rimatur
502 3071 551 3128 ubi
569 3073 654 3128 lateat
672 3092 747 3148 aper.
822 3069 853 3123 15
872 3068 925 3123 Vel
946 3088 1011 3124 cum
1033 3068 1093 3125 hoc
1120 3081 1187 3123 anus
1211 3068 1354 3125 iracundis

176 3152 198 3207 6
211 3154 330 3209 Foetidus
344 3154 455 3210 odor'in
469 3154 574 3211 alarum
587 3156 659 3231 pilis.
782 3150 862 3207 dictis
876 3171 938 3207 mea
956 3154 997 3206 sui
1018 3150 1125 3207 fastidia
1146 3156 1290 3227 increpat,
1315 3157 1353 3208 sic

215 3256 232 3309 7
253 3238 341 3293 Poeta
364 3258 458 3293 secum
483 3242 613 3315 loquitur
634 3239 669 3295 da
691 3240 746 3296 hac
781 3234 899 3309 loquitur
913 3254 920 3287 ι
936 3234 953 3289 ὁ
968 3234 1080 3302 Horati,
1095 3250 1124 3289 tu
1137 3237 1228 3289 minus
1239 3235 1355 3311 langues

175 3334 261 3385 anu,
279 3323 447 3374 exclamans
464 3328 497 3375 in
511 3329 598 3381 tertia
612 3343 744 3396 persona.
761 3359 765 3366 ·
781 3319 898 3376 Inachias
907 3319 1064 3392 complexu,
1074 3338 1156 3392 quam
1164 3337 1243 3387 meo,
1254 3319 1286 3373 id
1297 3335 1353 3387 est,

176 3407 196 3461 8
215 3404 352 3461 Senilibus'
366 3419 394 3459 et
405 3403 524 3460 flaccidis
537 3408 593 3479 ejus
606 3407 744 3462 membris.
781 3403 895 3458 validior
903 3424 932 3459 es
940 3406 970 3457 in
978 3402 1042 3471 illa,
1053 3422 1134 3477 quam
1142 3405 1172 3457 in
1181 3422 1238 3458 me,
1252 3404 1285 3459 16
1294 3404 1355 3458 Po·

176 3490 283 3563 9Pene
292 3508 355 3543 meo
363 3486 524 3562 languente,
534 3508 587 3543 nec
597 3488 681 3543 ullam
688 3492 746 3543 vim
770 3502 821 3558 vtes
836 3487 968 3561 subigere.
989 3506 1019 3559 ¹7
1038 3485 1146 3541 Debilis
1159 3505 1212 3558 les,
1232 3503 1263 3542 et
1281 3487 1354 3545 mihi

176 3573 297 3629 habente
305 3587 413 3647 propter
422 3574 462 3625 tui
472 3571 618 3626 fastidium.
634 3573 746 3628 roCu'm
781 3587 886 3645 sempor
898 3570 992 3643 langu‘
1011 3590 1042 3624 us
1060 3568 1096 3624 ad
1110 3589 1196 3648 unum
1210 3588 1279 3644 opus
1296 3589 1355 3625 re-

177 3658 344 3714 effirenatam
361 3653 504 3711 libidinem
520 3655 580 3709 hac
597 3673 746 3730 anuspro-
780 3674 903 3710 nereum.
924 3656 956 3707 18
1006 3669 1063 3709 reat
1075 3653 1146 3708 male
1159 3652 1258 3709 Lesbia
1269 3652 1356 3722 lena,

177 3756 255 3816 perat
275 3739 393 3815 explere.
419 3761 447 3794 ιι
468 3740 529 3793 Nec
547 3728 588 3792 ilii
608 3741 673 3793 anui
691 3742 747 3811 jam
780 3758 840 3811 quae
858 3737 926 3791 mihi
946 3740 1076 3811 querenti
1092 3752 1220 3800 taurum,
1238 3735 1270 3789 id
1288 3752 1356 3801 est,

178 3839 273 3878 manet
292 3840 366 3878 creta
383 3821 480 3877 sudore
501 3821 674 3889 humefacta,
693 3842 747 3878 nee
780 3823 909 3893 juvenem
931 3824 962 3876 in
988 3840 1018 3876 ro
1044 3838 1160 3876 venerea
1183 3819 1326 3880 robustum
1344 3837 1367 3888 ,*

178 3903 278 3973 mous,
303 3926 357 3980 quo
381 3904 479 3958 faciem
502 3906 629 3978 tinxerat.
656 3906 748 3959 Tanto
781 3900 940 3960 monstravit
955 3921 983 3960 te
996 3907 1133 3980 inertem,
1146 3903 1178 3960 id
1191 3918 1256 3976 est,
1270 3904 1357 3978 igne:

179 3988 255 4042 euim
266 4003 342 4049 motu
357 3988 387 4041 in
402 4005 483 4060 opere
500 4005 618 4044 venereo
633 3988 748 4063 seipsam
782 4007 847 4062 ¹vum
863 4004 890 4051 et
906 3990 1024 4065 pigrum.
1049 4027 1054 4039 »
