2842 4750
332 356 675 415 sunnonem
726 355 841 411 ern.
892 353 923 411 1.
1136 349 1212 432 247

50 494 192 573 Turbae
206 500 431 595 comperet?
446 488 552 564 hunc
567 502 685 590 atque
701 484 808 560 hune
823 506 1003 586 superare
1017 479 1195 561 laboret?

49 637 83 673 ²¹
103 621 167 698 Sic
182 615 384 695 festinanti
408 639 560 716 semper
579 607 810 713 locupletior
829 604 983 683 obstat:

50 745 125 837 Ut,
142 773 232 822 cum
252 738 476 820 carceribus
490 754 523 792 ²²
541 736 672 813 missos
695 733 797 837 rapit
811 732 845 785 ²3
865 729 1012 833 ungule
1037 756 1194 832 currus,

50 868 172 944 Instat
186 866 296 971 equis
311 861 472 967 auriga,
492 877 528 930 24
550 889 635 939 suos
656 855 931 949 vincentibus,
951 854 1066 934 illum

52 991 83 1042 ²⁵
100 990 355 1069 Preeteritom‘
367 1004 543 1065 temnens
562 989 598 1039 ²⁶
620 1003 812 1065 extremos
832 984 947 1060 inter..
959 997 1137 1060 euntem..

52 1114 148 1190 Inde
164 1115 233 1207 fit,
249 1129 283 1181 ²⁷
300 1129 345 1189 ut
358 1139 469 1205 raro,
490 1113 558 1218 qui
576 1140 615 1190 se
632 1111 774 1190 vixisse
796 1108 960 1185 beatum

51 1237 196 1328 Dicat,
215 1255 254 1315 et
273 1253 409 1314 exacto
431 1253 632 1313 contentus
652 1251 825 1337 tempore
842 1233 935 1309 vitae

51 1362 85 1413 ²⁸
105 1361 255 1454 Cedat,
274 1359 334 1437 uti
355 1360 523 1439 conviva
544 1376 672 1452 satur,
690 1356 856 1460 reperire
878 1383 1079 1461 queamus.

48 1503 84 1557 ²9
99 1489 195 1564 Jam
211 1485 303 1566 satis
316 1506 396 1581 est,
419 1515 469 1565 ne
486 1515 551 1565 me
571 1486 741 1590 Crispini
760 1484 902 1562 scrinia
917 1482 1013 1589 lippi

48 1611 84 1664 30
104 1610 337 1715 Compilasse
357 1626 492 1715 putes,
515 1611 684 1690 verbum
705 1639 784 1688 non
807 1608 974 1711 amplius
990 1608 1148 1690 addam.
1236 1647 1240 1651 ·
1317 1644 1319 1649 ·

50 1759 211 1834 ribus‚quos
217 1759 452 1835 assiduesupemtc
461 1759 612 1816 contendit.
647 1760 730 1816 teriit.
748 1758 783 1813 26
799 1760 872 1814 Inter
888 1755 997 1814 ultimos
1014 1769 1180 1813 currentem:

87 1861 118 1896 αι
140 1840 188 1897 Λᾶ
199 1842 273 1899 hunc
291 1843 403 1898 modum
421 1842 529 1916 quidet
545 1861 615 1917 ope-
684 1860 719 1915 27
737 1842 775 1895 Ut
793 1860 853 1895 raro
870 1841 987 1914 reperire
1008 1859 1136 1914 queamus
1155 1842 1211 1896 sli-

52 1944 108 1979 rsm
133 1924 235 1980 divitiis
263 1924 483 2000 amplificandis,
507 1928 532 1980 ei
559 1924 615 1980 ali-
648 1944 747 1999 quem,
765 1925 830 1997 qui,
851 1936 903 1978 etc.
923 1924 958 1977 28
974 1922 1010 1976 Et
1025 1924 1071 1995 qui
1087 1924 1213 1996 migret&

52 2011 109 2082 quis
124 2008 286 2083 locupletior
307 2024 347 2063 est
369 2027 473 2082 semper
492 2007 615 2082 impedi·
649 2008 720 2075 vita,
739 2004 968 2082 quemadmodum
986 2003 1055 2060 solet
1066 2005 1214 2066 consite&

53 2107 152 2148 mento.
167 2110 203 2146 22
212 2092 312 2147 Currus
321 2090 616 2147 emissosecerceribus
650 2108 745 2145 mensa
759 2088 889 2146 decedere
908 2104 1087 2144 exsaturatus.

52 2174 207 2245 patefactis,
223 2176 269 2230 ubi
283 2190 355 2229 stent
367 2176 429 2248 equi
448 2173 484 2229 ad
501 2192 615 2247 curren-
686 2191 722 2248 29
733 2173 801 2228 Heec
814 2171 955 2227 sufficiant.
971 2173 1008 2227 ὅσ
1020 2173 1154 2247 Nepotes
1166 2191 1211 2228 me

53 2255 115 2310 dum
133 2259 230 2331 parati.
258 2259 293 2312 23
314 2256 422 2330 Ungula
438 2259 547 2327 ponitur
564 2275 613 2330 pro
647 2257 764 2311 furatum
778 2273 834 2314 esse
850 2256 971 2323 arculas,
990 2255 1021 2309 id
1038 2271 1093 2324 est,
1110 2255 1213 2321 libros,

54 2340 184 2414 ungulatis
201 2344 286 2416 equis.
306 2350 340 2410 24
356 2331 440 2416 Equis
457 2359 518 2397 suos
531 2358 613 2414 equos
648 2341 741 2413 quiin
761 2340 866 2394 scriniis
885 2352 1074 2413 reponuntur,
1092 2338 1211 2414 Crispini

54 2441 127 2479 cursu
139 2425 370 2499 praevertentibus.
390 2424 424 2480 25
439 2425 529 2496 Quem
541 2444 613 2500 pru·
648 2421 902 2499 tippt‚pht10sopht
919 2420 1109 2497 loquacissimi.
1124 2493 1127 2498 ³

392 2619 739 2698 SATYRA
786 2621 864 2700 ΙΙ.

53 2813 260 2920 'Exemplis
281 2812 428 2894 dictum
454 2817 557 2890 illud
576 2819 810 2918 confirmat:
835 2816 946 2894 Dum
962 2814 1088 2894 vitent
1105 2814 1213 2893 stulti

52 2972 55 2979 ’
100 2941 222 3033 vitia,
250 2940 294 3016 in
321 2940 513 3016 contraria
541 2957 711 3019 currunt.
745 2945 918 3016 Insanus
953 2944 1211 3042 quonsmdam

101 3074 213 3146 eirca
236 3068 430 3145 adulteria
456 3069 643 3143 libidines
666 3075 890 3144 insectatur.

54 3200 505 3317 '1Annuss1snun
530 3234 719 3338 collegia,
736 3250 752 3287 2
770 3235 1098 3339 pharmacopolae3

57 3365 254 3458 Mendici,
273 3363 427 3456 mimae,
449 3363 465 3414 3
486 3360 730 3456 balatrones3
752 3361 827 3437 hoc
845 3387 965 3465 genus
981 3389 1095 3441 omne

56 3490 262 3581 Moestum,
279 3515 326 3564 ec
349 3486 559 3564 sollicitum
579 3501 634 3561 est
646 3468 820 3562 'cant-oris
838 3500 959 3561 morte
976 3500 994 3551 4
1009 3480 1176 3590 Tigelli:

54 3608 206 3716 ‘Quippe
221 3615 237 3664 ⁵
254 3612 443 3716 benignus
459 3628 552 3690 eret.
577 3614 757 3716 Contra⁶
775 3611 862 3708 hic,
878 3639 926 3688 ne
942 3612 1121 3716 prodigus
1134 3638 1213 3689 esse

96 3784 106 3815 ι
126 3763 246 3839 collegis
265 3765 437 3820 tibicinurum
459 3765 615 3839 impudice·
649 3770 713 3822 riosi
733 3783 762 3823 es
782 3768 890 3842 perditi.
909 3767 955 3823 Sto
977 3767 1042 3822 dicti
1062 3765 1077 3820 i
1099 3765 1213 3822 Servilio

60 3847 269 3912 summistae
279 3845 496 3904 balbutientium.
510 3867 527 3901 2
540 3849 616 3903 Olim
650 3853 937 3920 Balatrone.4Musici
946 3851 1096 3923 peritissimi
1104 3864 1131 3904 et
1138 3853 1213 3904 vocis

62 3945 147 3981 mmm
164 3928 260 3984 vilium
282 3945 456 3986 ostentatores
474 3947 568 3999 erent,
588 3947 616 3986 et
650 3938 767 3989 eximite.
784 3935 799 3988 5
816 3932 984 3989 Perliberalis
1001 3939 1067 3984 erat.
1086 3930 1208 4005 estius,

61 4009 155 4083 populo
164 4011 245 4068 verbu
253 4011 361 4070 dubunt.
371 4016 389 4072 5
400 4017 533 4072 Honriues
541 4015 617 4078 luxu·
652 4018 756 4074 scilicet
767 4036 864 4074 avarus
870 4055 880 4090 ‚
895 4030 1081 4087 metuemus,
1096 4029 1148 4073 etc.
