2842 4750
368 335 611 391 EPODON
662 330 862 389 LIBER·

176 482 211 534 14
229 466 313 541 Aut
332 488 425 538 acer
446 459 566 537 hostis
586 457 751 562 Bupalo·

21 574 25 583 Ι
128 595 220 684 An,
243 591 275 642 ¹⁵
295 588 327 667 si
349 588 437 692 quis
457 603 542 663 atro
563 586 679 662 dente
699 581 996 687 me‘petiverit‚

179 714 331 794 Inuitus
352 730 396 789 ut
416 711 518 789 flebo
541 721 664 815 puer?

33 881 145 938 camben
163 894 287 934 socerum
304 873 401 947 laqueo
418 874 503 927 vitam
519 871 597 926 finire
632 874 714 938 serit,
727 889 778 938 an,
795 885 825 925 ut
838 888 924 946 puer,
940 867 975 925 td
986 868 1117 946 lacrymas
1128 894 1201 931 con-

33 969 126 1040 coegit.
141 963 333 1035 14Hypponax
346 958 427 1011 Poeta
436 958 596 1022 acerrimus,
633 954 753 1029 fugiam!
772 955 959 1031 Nequaquam.
979 955 1028 1008 Est
1040 957 1113 1009 enim
1125 962 1203 1031 pueri

32 1067 110 1121 (prem
130 1046 224 1100 dicunt
240 1040 275 1094 ad
292 1039 466 1114 suspendium
478 1037 598 1112 adegisse
633 1040 746 1110 injurias
755 1037 828 1104 flere,
838 1040 889 1090 viri
899 1056 962 1091 vero
971 1036 1064 1091 ulcisci
1074 1061 1081 1103 3
1091 1040 1137 1093 sed
1147 1041 1202 1095 hoc

34 1122 165 1205 Bupalum
182 1128 324 1202 pictorem.
634 1118 963 1176 vetatlexdirinatNam
972 1121 1204 1188 vindictamtki,

71 1215 103 1268 15
113 1214 144 1268 Si
153 1213 212 1287 quis
219 1206 312 1280 lingua
321 1206 453 1262 virulenta
462 1225 506 1263 me
516 1222 601 1279 carp-
635 1220 663 1258 et
675 1223 726 1276 ego
742 1205 911 1272 retribuam,
926 1207 1189 1278 t'nquitDominus.⁵

55 1409 144 1485 AD
181 1401 498 1485 POPULUM
534 1398 889 1487 ROMANUM.
942 1399 1028 1478 Ode
1067 1404 1189 1484 VII.

35 1608 87 1684 'Ire
110 1611 256 1687 bellum
278 1605 396 1682 civile
415 1617 573 1703 gestum
596 1620 734 1676 contra
758 1603 930 1678 Brutum
947 1606 1205 1684 ec'Cassium.

137 1785 294 1946 Qun,
323 1852 401 1931 quo
424 1837 438 1873 1
463 1820 615 1899 scelesti
636 1821 780 1902 ruitis?
800 1839 957 1903 auteur
980 1824 1150 1905 dexteris

190 1957 389 2058 Aptantur
411 1977 520 2028 enses
541 1964 558 2002 ²
583 1949 762 2029 conditi?

135 2086 336 2163 Parumne
360 2079 377 2131 3
402 2076 578 2182 campis,
605 2096 726 2183 atque
751 2080 934 2184 Neptuno
954 2110 1069 2186 super

188 2207 336 2282 Fusum
357 2217 414 2309 est
431 2200 566 2280 Latini
591 2201 822 2305 sanguinis?

136 2332 231 2411 Non
249 2345 294 2405 ut
314 2326 538 2440 superbas4
563 2326 711 2405 invidas
735 2327 984 2436 Carthaginis
1019 2391 1027 2400 ,
1193 2361 1200 2391 f

188 2458 205 2506 ⁵
224 2457 426 2531 Romanus
446 2480 558 2554 arces
582 2470 745 2547 ureret,

136 2585 154 2634 ⁶
175 2583 351 2658 Intactus
374 2596 443 2656 aut
466 2580 677 2657 Britannus
698 2597 744 2656 ut
766 2579 1019 2661 descenderet

189 2723 208 2774 7
228 2706 346 2783 Sacra
367 2721 569 2783 catenatus
590 2706 686 2800 via;
1090 2699 1093 2708 ’

139 2830 220 2910 Sed
242 2847 312 2924 ut,
337 2831 588 2909 secundum8
611 2848 700 2908 vota
723 2832 985 2928 Parthorum,
1009 2854 1028 2940 9
1048 2866 1118 2913 sua

192 2954 298 3033 Urbs
320 2956 575 3060 haec'periret
596 2956 771 3035 dextera.

40 3095 43 3100 “
141 3083 283 3185 Neque
307 3078 374 3156 hic
396 3079 497 3184 lupis
518 3109 625 3174 mos,
647 3108 726 3156 neo
749 3079 825 3166 fuit
847 3063 1025 3158 leonibus
1038 3142 1053 3177 ,

192 3210 404 3332 Unquam,
433 3224 466 3262 10
484 3208 558 3285 nisi
578 3208 623 3283 in
644 3208 775 3309 dispar
797 3207 901 3286 feris.

142 3335 367 3412 ¹1Fur0me
390 3363 543 3429 coecus,
570 3362 623 3411 an
636 3334 745 3436 rapit
767 3332 827 3409 vis
849 3334 1001 3428 acrior,
1114 3339 1120 3347 '
1185 3375 1187 3384 v

84 3514 96 3548 ι
115 3494 243 3563 scelesti,
262 3495 293 3551 id
313 3513 370 3565 est,
393 3498 472 3572 impii
496 3513 559 3552 sunt
577 3498 607 3551 in
634 3513 660 3567 =7
678 3494 719 3549 Ut
735 3513 783 3569 per
795 3512 898 3550 sacram
909 3483 988 3552 ¹riam
1003 3487 1110 3558 vinetus
1122 3501 1212 3563 duce..

52 3580 174 3648 puniam,
189 3565 237 3636 uiri
252 3582 320 3636 civis
330 3581 351 3634 d
367 3584 426 3634 cive
439 3581 607 3636 interficitur.
643 3594 717 3636 retur
745 3578 782 3634 ad
814 3579 982 3653 Capitolium
1002 3584 1036 3640 iu
1063 3586 1211 3658 triumpho.

53 3660 256 3719 scnemata
265 3665 369 3738 vaginis
382 3662 479 3720 inclusi
488 3666 544 3736 jam
552 3662 609 3718 dis·
644 3663 661 3715 8
677 3662 833 3720 Secundum
844 3678 934 3739 optata
942 3665 1102 3721 Parthorum
1112 3669 1212 3720 inimi-

53 3743 216 3818 tringuntus?
233 3748 250 3801 5
265 3749 349 3802 Terra
364 3750 495 3822 marique.
645 3765 739 3802 corum
759 3761 917 3822 vestrorum.
937 3767 955 3821 9
974 3747 1028 3802 Sua
1046 3747 1163 3818 dextra,
1181 3750 1213 3803 id

85 3846 101 3893 4
126 3831 260 3906 Carthago
289 3847 393 3905 semper
424 3823 475 3886 tut
502 3833 609 3906 imperii
646 3828 792 3894 aubelus
808 3832 941 3886 civilibus.
956 3832 1099 3896 roNisiiu
1111 3833 1213 3886 animal

56 3904 160 3965 Romani
185 3914 291 3970 emula.
318 3915 334 3970 5
359 3918 496 3984 Romanus
520 3914 608 3969 miles.
646 3912 755 3990 alterius
771 3917 885 3992 generis.
908 3916 1003 3969 Vestra
1017 3916 1096 3986 igitur
1110 3914 1215 3986 erude-

55 3988 72 4038 ὓ
90 3992 232 4054 Britannus
251 3998 325 4066 bello
347 3998 469 4055 noudum
482 3998 609 4055 domitus.
646 3997 707 4054 litas
721 4012 761 4053 est
776 3997 835 4072 pius
849 3988 930 4072 quarn
943 3998 1037 4052 ferina.
1061 4018 1089 4049 ιι
1108 3999 1216 4054 Insania
