2842 4750
149 338 151 343 .
221 295 299 391 448
615 310 654 383 Q.
707 304 989 364 uonrrrr

226 439 439 521 Stultitiam
454 471 466 533 ;
484 454 522 515 et
541 465 631 514 cum
648 436 698 515 sis
715 437 841 514 nihilo
857 435 1085 542 sapientior,
1103 463 1151 517 ex
1168 462 1249 540 quo

225 587 257 639 7¹
276 569 432 648 Plenior
448 594 508 660 es,
525 584 657 643 tamen
671 567 799 642 uteris.
811 580 844 632 7²
861 563 1115 642 monitoribus
1132 565 1276 642 iisdem
1284 573 1309 673 ,2

223 706 281 778 At
303 698 335 776 si
362 697 512 774 divitiae
535 695 767 798 prudentem
788 694 951 770 reddere
978 710 1153 799 possent,

223 826 264 904 si
280 823 465 928 cupidum
485 819 747 923 timidumque
761 820 891 895 minus
907 837 971 911 te,
989 845 1128 921 nempe
1146 819 1180 886 73
1197 815 1378 907 ruberes‚

224 951 390 1031 Viveret
416 947 460 1024 in
486 948 596 1022 terris
620 961 657 1020 te
682 945 715 1022 si
738 943 826 1049 quis
850 944 1011 1021 avarior
1039 972 1124 1020 uno.

223 1092 259 1144 74
268 1076 306 1151 Si
318 1072 515 1177 proprium
527 1087 601 1164 est,
611 1070 716 1174 quod
725 1071 812 1175 quis
823 1072 856 1137 ⁷⁵
866 1071 969 1148 libra
979 1090 1170 1148 mercatus
1184 1087 1223 1147 et
1234 1100 1313 1147 aere
1325 1087 1385 1164 est,

222 1206 258 1273 '75
275 1205 462 1306 Quaedanr
480 1198 542 1301 (si
560 1199 686 1275 credis
705 1198 912 1300 consultis)
930 1214 964 1309 77
981 1199 1181 1302 mancipat
1195 1225 1315 1278 usus:

222 1330 301 1432 Qui
319 1347 356 1403 te
379 1325 502 1430 pascit
519 1339 632 1430 ager,
656 1341 744 1401 tuus
768 1341 844 1420 est;
865 1340 902 1402 et
924 1322 1082 1401 villicus
1102 1325 1136 1391 7⁸
1157 1322 1281 1418 othl,

222 1451 323 1532 (lum
338 1470 483 1555 segetes
500 1468 532 1519 79
550 1466 682 1542 occat,
699 1450 773 1525 tibi
791 1478 882 1527 mor
899 1450 1095 1527 frumenta
1113 1450 1293 1540 daturas,

219 1583 255 1636 30
273 1586 332 1658 Te
348 1579 554 1656 domi-num
570 1578 696 1677 sentit.
715 1579 797 1654 Das
816 1605 1019 1670 nummos;
1035 1576 1183 1681 accipis
1198 1604 1339 1669 uvam,-

221 1706 375 1800 Pullos,
390 1732 488 1799 ora,
504 1704 647 1780 cadum
663 1703 695 1755 3¹
715 1702 862 1781 temeti.
879 1704 1029 1804 Nempe
1046 1701 1163 1775 modo
1180 1700 1254 1776 isto

220 1830 426 1908 Paulatim
435 1828 619 1906 mercaris
635 1854 794 1931 agrum,
812 1827 969 1903 fortasse
984 1823 1191 1916 trecentis,

219 1964 304 2039 Aut
321 1959 442 2035 'etiam
459 1983 573 2061 supra
592 1983 842 2032 nummorum
861 1952 1038 2030 millibus
1055 1967 1245 2056 emptum.

144 2106 158 2123 “
219 2087 254 2140 82
271 2085 377 2188 Quid
390 2082 531 2173 refert,
547 2081 660 2157 vivas
675 2097 878 2156 numerato
893 2106 1037 2182 nuper,
1054 2105 1105 2152 an
1119 2077 1244 2156 olim?

221 2211 382 2314 Emptor
396 2207 551 2284 Aricini
572 2207 768 2317 quondam
783 2262 795 2296 ,
810 2202 988 2283 Veientis
1007 2219 1045 2278 et
1061 2202 1146 2278 arvi
1161 2260 1173 2296 ,

220 2337 405 2439 Emptum
424 2346 549 2408 coenat
565 2329 649 2407 olus
662 2329 695 2381 33
708 2326 915 2432 ‚quamvis
930 2324 1044 2403 aliter
1059 2342 1195 2436 putat3
1215 2325 1354 2431 emptis

219 2458 301 2536 Sub
326 2467 492 2533 noctem
502 2452 676 2557 gelidam
690 2453 815 2556 lignis
836 2453 1045 2530 calefactat
1064 2452 1266 2530 ahenum.

219 2582 297 2660 Sed
314 2596 429 2656 vocat
444 2581 479 2646 34
492 2591 613 2684 usque
630 2607 764 2672 snum,
781 2578 814 2629 ⁸⁵
830 2606 909 2682 qua
927 2578 1087 2682 populus
1100 2578 1227 2652 adsita
1250 2578 1363 2658 certis

218 2703 431 2780 Limitibus
444 2703 576 2780 vicina
591 2703 736 2807 refugit
750 2705 898 2808 jurgia;
915 2722 1105 2808 tanquam
1188 2802 1190 2806 Ι

217 2833 276 2910 Sit
289 2813 486 2936 propriu-m
501 2828 738 2934 quidquam,
756 2849 898 2935 puncto
913 2831 1019 2936 quod
1031 2830 1185 2907 mobilis
1202 2823 1342 2927 horae,

153 3105 156 3108 Ι
255 3055 285 3106 71
310 3030 484 3107 Locupletior
509 3050 546 3086 ea.
570 3049 605 3106 72
626 3031 782 3107 Opulentioe
853 3033 888 3106 78
898 3030 997 3086 Orbius
1006 3021 1155 3086 estircmen
1165 3037 1325 3109 proprium.
1358 3023 1360 3028 ⁸

219 3118 412 3174 laudatoribus.
571 3149 574 3158 ‹
852 3131 887 3189 79
900 3116 1073 3184 Occara,est
1081 3136 1174 3171 semen
1184 3136 1378 3191 sparsumterrt

254 3202 288 3272 73
310 3199 488 3253 Erubescaras
510 3212 538 3253 et
557 3213 634 3273 turpe
656 3198 705 3254 tibi
725 3217 782 3253 esse
816 3202 919 3278 operire
944 3199 1032 3260 fractis
1052 3201 1145 3276 glebis.
1169 3203 1206 3253 80
1230 3205 1379 3259 Dominum

214 3293 338 3361 putares,
349 3284 454 3358 siquis,
468 3297 520 3336 etc.
719 3279 742 3302 ’“
817 3281 893 3340 fundi
903 3303 999 3354 culus
1012 3284 1098 3356 fruges
1110 3302 1186 3337 emis

254 3378 288 3440 74
298 3364 425 3420 Ostendit
435 3363 504 3418 nihil
514 3367 626 3418 omnino
640 3363 684 3419 rel
700 3383 781 3437 emp·
853 3367 883 3419 81
903 3363 1050 3420 Cadum'
1025 3368 1092 3420 mni.
1109 3368 1144 3419 82
1159 3366 1266 3436 Quid'
1257 3384 1381 3434 tnterest,

216 3454 311 3517 tione,
331 3446 376 3502 vel
393 3449 555 3540 usucapione
575 3450 702 3521 cuiquam
724 3465 781 3501 essa
815 3462 906 3502 utrum
921 3450 994 3502 vivas
1007 3467 1042 3502 ex
1054 3450 1138 3521 pretio
1153 3469 1202 3523 per
1217 3465 1314 3524 partes
1333 3473 1382 3506 nu·

180 3605 184 3616 ἵ
215 3534 366 3631 proprium,
381 3547 432 3584 nec
446 3531 645 3603 mancipatione
658 3529 702 3585 rel
712 3549 780 3586 usu
815 3543 936 3597 marato,
955 3549 991 3584 an
1009 3530 1092 3597 olim,
1110 3531 1140 3585 id
1160 3548 1222 3602 est,
1243 3545 1284 3591 ex
1297 3549 1382 3612 prauo

215 3633 329 3689 caprona
339 3631 404 3688 opus
418 3632 491 3682 esse,
504 3629 533 3667 ut
542 3612 694 3687 jucunde
670 3632 754 3668 vivas
816 3615 898 3669 simul
908 3615 1069 3669 numerato?

243 3700 277 3773 75
285 3697 713 3780 Lrbrapratrumappendebatur
721 3703 778 3750 nori
850 3698 885 3751 83
894 3699 1024 3768 Quamvis
1034 3701 1319 3773 putatscpropnum
1330 3721 1382 3757 ιιοιι

213 3771 412 3838 numerabatur
424 3781 460 3853 76
470 3778 546 3833 Ordo
557 3794 614 3833 est
629 3799 777 3853 ususque
813 3795 935 3854 amptum
947 3799 1053 3835 coenarc
1067 3779 1134 3834 olus.

213 3866 276 3919 darn
287 3867 433 3937 mancipat,
442 3882 463 3916 si
456 3860 557 3916 credre
565 3864 582 3915 J
583 3862 775 3917 unaconsulns
848 3866 883 3930 84
892 3866 933 3917 Eo
948 3883 1031 3937 usqua
1046 3884 1132 3919 suum.
1146 3864 1181 3917 85
1191 3866 1256 3935 Qua
1266 3867 1384 3941 populus

214 3968 248 4022 77
260 3949 349 4005 Efficit
358 3968 420 4024 usus
432 3934 553 4019 quadam
562 3947 679 4022 propria,
812 3944 890 4004 arbor
899 3947 1053 4022 applantata
1064 3950 1143 4005 certis
1153 3947 1294 4006 limitibus
1302 3991 1313 4024 ,
1321 3956 1383 4025 jur}
