2842 4750
310 304 650 364 etnuruun
699 305 816 361 nra.
868 307 954 364 111.
1143 288 1215 391 157

249 423 355 528 Ripa
377 422 487 527 vagis
511 436 547 486 ²4
570 420 765 496 taciturna
788 420 925 498 ventis.

94 554 97 560 ’
150 544 858 652 Τυώήωωωςώεὼππεωωε

149 668 823 768 ffimffiwffimffimfflms

192 799 300 902 Quid
321 800 355 850 ²⁵
379 799 513 890 Seres,
541 790 580 870 et
602 810 765 897 regnata
788 792 892 898 Cyro

247 924 283 977 ²⁶
303 923 445 999 Bactra
467 935 630 1024 parent,
656 934 691 986 27
715 921 943 1023 Tanaisque
969 918 1125 1005 discors.

143 1051 323 1130 Prudens
348 1048 470 1126 futuri
496 1047 677 1152 temporis
700 1047 850 1125 exitum

144 1176 182 1229 ²⁸
202 1177 424 1281 Caliginosa
445 1193 557 1255 noete
581 1177 725 1281 premit
745 1177 854 1254 Deus
866 1210 882 1272 ·;

195 1299 869 1403 mmmm,ummfflsswmm

245 1424 320 1500 Fas
340 1423 522 1528 trepidat.
552 1424 586 1476 30
611 1423 726 1526 Quod
747 1423 882 1516 adest,
909 1440 1106 1505 memento
1201 1424 1205 1430 ’

143 1553 383 1656 Componere
407 1579 574 1656 aequus:
600 1550 632 1603 3¹
661 1568 802 1629 eaetera
825 1552 998 1633 fluminis

136 1681 240 1758 -Ritu
264 1680 468 1771 feruntur,
497 1705 603 1756 nune
626 1677 759 1755 medio
780 1677 894 1757 alveo

192 1806 295 1883 Cum
314 1832 410 1909 paee
434 1801 650 1880 delabentis
674 1803 881 1880 Etruscum

242 1932 291 2006 In
311 1956 446 2024 mare,
473 1957 578 2006 nunc
602 1929 635 1980 32
658 1927 809 2030 lapides
834 1928 995 2023 adesos,

75 2045 86 2063 ¹
140 2058 174 2111 33
197 2056 418 2163 Stirpesque
441 2074 596 2162 raptas,
623 2073 662 2134 et
686 2054 803 2161 perus
818 2077 836 2151 ,'
860 2074 899 2135 et
923 2058 1057 2137 domos
1117 2111 1123 2117 ·

139 2184 348 2266 Volventis
370 2211 476 2277 una,
504 2213 582 2261 non
607 2184 689 2262 sine
714 2185 932 2291 montium·

191 2308 400 2420 Clampre,
426 2307 645 2415 vicinaeque
668 2308 806 2405 silvae,

238 2439 274 2507 ³4
299 2440 400 2518 Cum
423 2438 507 2517 fera
532 2438 700 2517 diluvies
727 2438 875 2545 quietos

136 2563 928 2670 Ifflmmmfflssffimmwd‘

137 2690 348 2796 Laetusque
373 2690 514 2795 deget,
543 2690 609 2767 eui
632 2692 728 2770 licet
751 2692 794 2768 in
818 2690 927 2767 diem

187 2815 370 2907 Dixisse,
399 2814 482 2891 vixi
506 2848 515 2894 ε
541 2816 575 2867 3⁶
600 2843 683 2893 eras
706 2813 773 2892 vel
796 2830 881 2891 atra

79 2947 111 3006 24
127 2938 253 2994 Murmur
272 2960 328 2994 non
347 2938 450 2994 edens:
470 2940 603 3014 significat
636 2941 740 2998 habent
761 2943 845 2995 instar
867 2939 985 2995 fluminis
1005 2938 1156 2998 delabentis
1176 2947 1209 3000 ln

48 3017 123 3096 Puera
132 3038 387 3097 tempusventosum
395 3025 449 3094 jam
458 3026 601 3078 transiisse.
637 3045 712 3080 mare
736 3024 927 3099 Tyrrhenum,
953 3044 1028 3079 nunc
1051 3025 1158 3099 placide
1178 3044 1207 3084 et

79 3107 111 3158 25
130 3105 312 3181 Populiana
331 3104 483 3179 Scythicae,
504 3106 520 3160 i
539 3107 604 3160 Sera
638 3111 749 3184 quiete,
782 3126 857 3161 nunc
889 3104 983 3179 rapide
1011 3121 1038 3160 et
1063 3107 1206 3166 violenter.

47 3187 106 3248 urbe
118 3192 156 3245 sic
166 3190 243 3245 dicti.
259 3192 294 3244 26
305 3192 349 3244 Tu
362 3207 438 3243 curas
451 3190 516 3263 quid
527 3189 605 3243 Seres
639 3191 676 3244 32
687 3191 825 3244 Excarata
838 3191 946 3262 rupium
957 3206 1030 3242 saxa.
1044 3188 1079 3243 33
1091 3191 1209 3247 Arbores

47 3285 71 3323 et
81 3272 176 3327 Bactra
185 3290 353 3349 praeparent,
367 3276 398 3327 in
411 3273 507 3347 quibus
519 3273 605 3347 Cyrus
641 3275 808 3346 exstirpatas.
822 3271 856 3339 34
872 3271 941 3326 Cum
955 3284 1097 3347 tempestas
1109 3275 1207 3332 incitat

46 3357 175 3427 regnabat.
188 3356 339 3430 27r1uvtus
350 3359 442 3411 Asiam
453 3355 486 3410 ab
499 3358 604 3430 Europa
640 3371 668 3411 et
677 3358 752 3429 quasi
761 3355 795 3409 ad
802 3353 969 3409 iracundiam
977 3370 1105 3444 prpvocat
1112 3376 1211 3413 amnes

47 3432 245 3508 disterminans,
256 3443 302 3516 qui
312 3439 410 3514 perluit
422 3439 534 3515 populos
547 3438 605 3493 dis-
639 3441 760 3515 quietos,
774 3436 804 3493 id
816 3452 870 3507 est,
888 3457 952 3493 eum
969 3436 1083 3495 diluvies
1099 3459 1134 3495 ex
1146 3443 1205 3494 im-

46 3520 133 3577 cordes
149 3540 176 3579 et
191 3524 390 3599 belligerantes.
639 3522 732 3579 bribus
744 3524 839 3578 oritur.

78 3607 111 3682 ed
128 3609 241 3663 Exitum
264 3609 343 3672 nobis
363 3610 486 3682 ignotum
507 3606 602 3670 voluit.
674 3607 710 3660 35
733 3606 781 3663 Ille
802 3606 872 3662 liber
893 3621 950 3674 est,
970 3619 998 3661 et
1016 3623 1125 3679 compes
1143 3608 1212 3676 sui,

47 3701 79 3758 29
91 3688 166 3744 Ultra
180 3690 211 3744 id
225 3690 297 3765 quod
311 3693 336 3746 ei
350 3691 424 3747 licet.
638 3687 784 3764 hilarisque
793 3693 883 3757 rivet,
892 3692 936 3743 cui
946 3688 1011 3744 licet
1020 3687 1135 3754 dixisse,
1146 3690 1207 3746 vixi

79 3771 112 3824 30
125 3773 208 3845 Quod
221 3794 336 3849 praesens
350 3793 389 3830 est
402 3789 540 3830 memento
555 3773 605 3828 ad·
639 3775 669 3827 in
690 3772 783 3841 diem,
805 3772 835 3828 id
853 3790 915 3840 est,
934 3772 1013 3826 bonis
1029 3772 1206 3843 praesentibus

48 3852 192 3911 ministrare
208 3872 235 3911 et
249 3877 313 3912 curn
325 3863 449 3932 aequitate
463 3874 491 3913 et
503 3875 549 3913 tuo
559 3877 606 3918 ar-
639 3857 731 3924 fruor,
752 3857 840 3912 futura
863 3878 920 3911 non
941 3873 1014 3909 curo.
1038 3854 1073 3905 36
1091 3852 1157 3907 Cras
1172 3858 1227 3913 sitv

48 3930 138 3994 birram
150 3935 245 3997 finire.
253 3941 286 4016 ‚3¹
299 3944 397 3998 Futura
409 3961 515 3998 cursum
527 3961 605 3998 suum
640 3939 739 3995 roelunr
751 3941 876 3999 nubilum
887 3958 924 3993 an
934 3953 1060 3992 serenum
1071 3934 1143 3990 nihil
1155 3957 1208 3994 rea
