2842 4750
226 293 297 418 ¹¹70
551 342 637 413 .Q.‘
691 334 1014 397 nouaru-

321 472 455 548 Fortes
478 487 658 547 creantur
679 466 843 544 fortibus
866 460 904 542 'et
925 466 1048 545 bonis.

322 598 389 672 Est
409 595 452 671 in
475 594 676 694 juvencis,
704 591 825 705 estjn
850 591 958 694 equis
979 608 1132 694 patrum

372 722 537 817 Virtus3
558 750 631 798 nec
655 720 855 798 imbellem
877 720 1022 797 feroces

421 852 682 951 Progenerant
702 847 846 952 aquilae
871 845 1103 924 columbam.

322 978 357 1029 1³
376 976 592 1070 Doctrina,
618 978 683 1053 sed
707 978 791 1052 vim
814 991 1013 1082 promovet
1034 974 1228 1070 insitam,

321 1115 355 1169 19
379 1100 572 1204 Rectique
600 1099 724 1176 cultus
746 1116 901 1204 pectora
928 1097 1121 1176 roborant.

370 1240 405 1278 ²0
427 1228 647 1331 Utcumque
674 1226 851 1303 defecere
876 1252 1026 1316 mores,

422 1355 671 1433 Dedecorant
693 1355 793 1432 bene
820 1372 913 1432 nata
938 1354 1072 1458 culpaer

323 1480 428 1583 Quid
455 1479 622 1574 debeas,
646 1486 669 1556 ὃ
695 1483 849 1573 Roma,
878 1479 1126 1570 Neronibus,

324 1609 450 1686 Testis
470 1622 502 1660 ²1
527 1611 753 1686 Metaurum
775 1611 946 1700 flumen,
970 1625 1009 1685 et
1029 1624 1063 1661 22
1085 1604 1304 1684 Hasdrubal

370 1733 586 1825 Devictus,
612 1735 646 1785 23
669 1749 708 1810 et
730 1732 893 1838 pulcher
915 1734 1059 1839 fugatis

423 1855 496 1942 Ille
520 1856 603 1934 dics
624 1856 738 1933 Latio
761 1855 977 1950 tenebris,

323 1980 400 2083 Qui
421 1981 568 2084 primus
591 1980 696 2057 alma
722 1996 757 2048 24
781 1981 867 2058 risit
887 1982 1058 2075 adorca;
1122 2000 1125 2003 ’

322 2107 356 2156 ²⁵
378 2105 497 2183 Dirus
522 2135 589 2210 per
610 2107 725 2185 urbas
748 2107 848 2185 Afer
868 2125 912 2185 ut
933 2108 1077 2200 Italas,

272 2301 274 2312 .
373 2237 457 2328 Ceu
483 2237 643 2313 flamma
668 2264 739 2340 per
762 2239 908 2330 taedas,
934 2236 999 2315 vel
1025 2234 1149 2313 Eurus

423 2362 498 2438 Per
520 2360 668 2438 Siculas
691 2361 882 2465 equitavit
904 2361 1041 2438 undas,

324 2485 359 2535 ²⁶
379 2487 467 2560 Post
492 2483 565 2561 hoc
587 2486 765 2562 secundis
786 2513 907 2590 usque
930 2485 1129 2562 laboribus

324 2601 503 2685 Romana
527 2611 649 2713 pubes
674 2611 820 2705 crevit,
848 2629 887 2689 et
906 2629 940 2681 27
961 2612 1085 2716 impio

372 2730 537 2814 Vastata
559 2741 767 2813 Poenorum
794 2737 965 2814 tumultu

263 2900 295 2953 18
308 2900 441 2952 Doctrina
447 2900 576 2964 virtutum
586 2897 717 2972 igniculos
730 2918 786 2953 no·
820 2900 886 2955 felix
898 2900 945 2955 ille
962 2899 1019 2955 dies
1034 2899 1101 2967 fuit,
1114 2896 1209 2973 fugatis
1220 2897 1335 2954 tenebris
1345 2909 1377 2953 eu

225 2983 266 3036 bis
279 3001 373 3037 natura
386 2984 480 3037 insitor
495 2983 617 3057 provehit
631 2982 667 3037 ad
680 2984 787 3057 perfec·
821 2987 920 3052 Latio,
943 2984 972 3039 id
992 3000 1052 3051 eat,
1073 2983 1336 3058 Carthaginiensibus
1352 2996 1376 3035 et

222 3069 335 3122 tionem.
364 3088 395 3141 19
416 3070 492 3121 Recti
514 3087 589 3121 amor
605 3083 631 3121 et
648 3068 785 3135 studium,
820 3057 890 3122 afris
906 3088 941 3123 ex
954 3067 1028 3121 ltalia
1039 3065 1130 3141 pulsis.
1143 3076 1176 3136 24
1188 3068 1243 3137 Qui
1257 3066 1331 3121 lautus
1342 3078 1379 3119 eat

219 3151 253 3217 ‚id
268 3168 323 3219 est,
339 3169 419 3220 rectae
435 3151 582 3226 disciplina
596 3168 623 3207 et
634 3151 713 3207 bonae
726 3155 786 3207 ino·
820 3150 919 3205 bellica
927 3151 1019 3224 gloria.
1029 3151 1115 3204 Farris
1125 3165 1152 3204 et
1162 3148 1268 3222 frugum
1278 3150 1379 3223 copiam

222 3236 362 3290 titutionea
382 3253 503 3291 mentem
522 3238 669 3301 muniunt,
690 3252 718 3291 et
736 3257 786 3290 ro-
821 3234 952 3307 significat
976 3233 1095 3299 adorea,
1122 3251 1174 3307 que
1200 3231 1377 3286 abundantem

186 3319 189 3323 ’
219 3317 330 3387 ῥυεῑαω
344 3318 470 3374 reddunt.
488 3337 521 3372 ao
538 3319 707 3393 Ubicumque
720 3320 786 3374 boni
819 3320 950 3393 putabant
969 3319 1122 3391 gloriosum.
1221 3361 1228 3366 .

222 3421 312 3457 mores
323 3401 466 3469 deliciunt,
481 3402 585 3476 culpa,
598 3401 627 3455 id
640 3418 695 3468 est,
716 3401 787 3456 facta
858 3404 891 3455 25
911 3402 966 3466 Ut,
986 3400 1089 3466 idest,
1109 3415 1248 3474 postquam
1267 3394 1379 3453 crudeli·

223 3485 346 3561 improba
361 3485 436 3539 illam
453 3501 554 3540 naturae
567 3485 717 3540 bonitatem
732 3484 785 3539 de·
821 3484 959 3539 Hannibal
969 3487 1129 3559 equitavitet
1141 3483 1243 3556 aufugit
1251 3481 1383 3556 perurbes

222 3585 349 3644 turpant,
367 3568 549 3642 dedecoreque
567 3568 697 3621 afficiunt.
823 3570 919 3636 Italas,
935 3569 1017 3624 veluti
1033 3569 1139 3624 flamma
1152 3566 1234 3621 taedas
1243 3607 1251 3634 ,
1267 3566 1313 3620 vel
1327 3566 1382 3620 Eu-

260 3672 291 3707 21
301 3652 413 3707 Flumen
419 3652 552 3717 Umbria,
564 3651 610 3704 ubi
618 3650 785 3718 Hasdrubal,
823 3673 868 3706 rua
881 3653 984 3707 Siculae
997 3654 1129 3725 percurrit
1141 3649 1236 3704 undas.

223 3756 287 3792 cum
310 3737 502 3810 quinquaginta
524 3754 571 3787 sex
592 3734 710 3789 millibus
731 3736 788 3787 ho-
860 3735 1071 3792 26Postcaedem
1079 3731 1254 3790 Hasdrubalis
1261 3772 1272 3798 ,
1285 3746 1313 3785 at
1323 3732 1383 3784 ric·

166 3873 168 3876 ,
223 3826 331 3878 minum
348 3821 455 3876 Claudii
474 3822 590 3875 Neronis
605 3840 687 3893 opera
703 3839 787 3875 caesus
824 3822 919 3874 toriam
944 3820 959 3872 a
980 3822 1089 3874 Nerone
1109 3832 1232 3892 partam,
1254 3813 1384 3889 prosperi·

225 3922 278 3961 cat-r
298 3925 334 3964 aa
343 3902 494 3960 Hasdrubal
506 3906 537 3957 in
555 3903 659 3956 ltaliam
677 3919 787 3958 venerat
823 3922 927 3977 semper
960 3902 1059 3976 preliis
1089 3913 1231 3956 creverunt
1258 3895 1388 3951 Romani·

225 3987 299 4043 fratri
309 4007 356 4043 suo
363 3988 510 4062 Hannibali
518 3986 705 4062 auxiliaturus,
713 3988 748 4044 25
754 3989 789 4042 Et
824 4003 858 4059 27
878 3985 1022 4061 impiorum
1038 3999 1066 4043 et
1079 3982 1253 4042 barbarorum
1267 3979 1386 4035 auum
