2842 4750
230 303 305 381 286
625 327 663 397 Q.
717 327 1001 398 nornen

231 447 266 497 ¹⁸
281 443 358 520 Hic
378 437 520 535 dabat,
540 457 573 510 ¹9
595 441 769 520 haeredes
786 461 1080 520 monumentum
1098 473 1146 522 ne
1163 463 1392 551 sequeretur.

229 572 347 647 Nunc
361 568 455 645 licet
468 583 503 622 ²0
517 568 702 672 Esquiliis
720 567 900 645 habitare
918 583 949 620 ²¹
969 568 1215 666 salubribus,
1237 588 1357 676 atque

230 711 266 750 ²²
279 696 436 799 Aggere
451 692 495 770 in
510 692 643 795 aprico
656 679 815 795 spatiari
829 748 841 784 ,
857 692 891 743 23
908 719 986 795 quo
1003 694 1119 770 modo
1137 695 1262 771 tristes

229 821 346 899 Albis
361 836 397 886 24
412 818 621 895 informem
638 818 865 919 spectabant
882 817 1028 896 ossibus
1044 847 1196 925 agrum.

229 949 332 1028 Cum
347 943 447 1020 mihi
461 944 495 994 ²⁵
510 970 588 1018 non
602 956 756 1020 tantum
773 942 954 1047 furesque
969 944 1137 1049 fereeque
1154 962 1272 1022 suetae

229 1077 349 1151 Hunc
365 1096 508 1149 vexare
526 1068 683 1161 locum,
700 1097 803 1145 curae
819 1087 934 1163 sunt,
958 1087 1075 1175 atque
1090 1072 1242 1165 labori,

228 1200 454 1302 Quantum,
477 1193 717 1270 carminibus
734 1222 823 1297 quaa
839 1196 874 1245 ²⁶
888 1214 1043 1273 versant
1059 1213 1176 1301 atque
1191 1200 1352 1276 venenis

228 1326 431 1401 Humanos
448 1319 609 1397 animos.
628 1334 663 1386 ²7
677 1322 759 1396 Has
774 1319 882 1396 nullo
896 1322 1057 1425 perdere
1075 1350 1227 1426 possum
1253 1343 1264 1351 ‘

228 1455 314 1538 Nec
329 1446 536 1554 prohibere
552 1447 690 1538 modo,
706 1447 741 1498 ²⁸
756 1447 873 1523 simul
890 1478 939 1525 ac
957 1477 1058 1553 vaga
1079 1453 1194 1527 Luna
1209 1452 1386 1528 decorum

227 1575 394 1666 Protulit
406 1603 468 1667 os,
485 1573 583 1677 quin
597 1600 680 1650 ossa
694 1586 728 1640 29
743 1572 898 1676 legant,
916 1573 1134 1680 herbasque
1150 1595 1343 1654 nocentes.

130 1749 131 1752 π
226 1701 326 1781 Vidi
346 1715 499 1805 egomet
517 1697 631 1801 nigra
650 1698 686 1749 30
705 1698 947 1776 succinctam
964 1701 1108 1784 vadere
1129 1702 1234 1806 palla

226 1828 458 1920 Canidiam,
476 1822 641 1930 pedibus
659 1824 777 1901 nudis
792 1853 977 1930 passoque
995 1826 1163 1932 capillo,

225 1958 330 2034 Cum
347 1955 500 2057 Sagana
517 1949 548 2002 3¹
565 1948 708 2047 majore
724 1949 967 2029 ululantem:
982 1952 1107 2056 pallor
1121 1970 1306 2058 utresque

226 2084 388 2167 Fecerat
405 2079 616 2157 horrendas
634 2097 804 2184 aspectu.
825 2080 859 2132 32
877 2081 1056 2186 Scalpere
1073 2101 1216 2160 terram

223 2208 459 2313 Unguibus,
480 2208 514 2259 33
532 2224 572 2286 et
588 2206 738 2312 pullam
760 2209 947 2289 divellere
967 2211 1164 2290 mordicus
1183 2240 1327 2318 agnam

223 2337 445 2439 Coeperunt.
465 2335 500 2401 34
517 2335 640 2413 Cruor
660 2334 702 2411 in
719 2334 859 2413 fossam
876 2332 1079 2428 confusus,
1096 2352 1141 2411 ut
1155 2334 1246 2411 iude
1315 2424 1318 2433 Ι

223 2464 259 2516 33
276 2465 414 2539 Manes
432 2459 644 2552 elicerent,
665 2460 816 2537 animas
836 2488 1015 2564 responsa
1034 2460 1201 2538 daturas.

224 2587 260 2639 33
274 2586 409 2661 Lanea
430 2601 469 2660 et
486 2585 632 2688 effigies
653 2601 763 2678 erat,
785 2584 910 2662 altera
930 2610 1070 2679 cerea;
1091 2585 1125 2654 37
1141 2583 1267 2686 major
1296 2593 1299 2599 ’
1358 2660 1361 2665 ,

221 2713 383 2803 Lanea,
403 2738 491 2814 quae
506 2712 627 2814 poenis
647 2729 907 2816 compesceret
922 2711 1162 2791 inferiorem.

222 2840 348 2917 Cerea
367 2835 593 2939 suppliciter
610 2836 737 2913 stabat
753 2837 787 2889 33
805 2834 1038 2932 servilibus,
1062 2853 1107 2914 ut
1125 2865 1214 2943 quae
1313 2914 1317 2921 ,

262 3000 294 3054 18
307 3000 339 3052 ln
351 2994 482 3071 Esquiliis
496 2993 572 3049 datos
586 2995 762 3069 significabat.
821 2994 915 3069 ligant.
941 2994 976 3048 30
995 2993 1166 3068 Expeditum.
1189 2993 1221 3048 51
1242 2992 1315 3048 Hinc
1330 3010 1375 3066 ap·

262 3104 295 3157 19
309 3082 377 3136 Haec
393 3078 476 3134 verba
495 3080 574 3151 cippo
586 3080 715 3153 inscripta
733 3078 787 3133 de·
821 3095 897 3154 paret
915 3076 982 3133 duas
999 3077 1080 3132 fuisse
1102 3078 1236 3151 Saganae,
1255 3080 1373 3152 majorem

225 3164 411 3222 monstrabant
428 3160 548 3217 hocloci
566 3162 683 3235 spatium
696 3162 788 3217 heere·
822 3178 851 3217 et
867 3165 1011 3218 minorem.
1253 3226 1255 3231 ,

222 3252 302 3306 dibus
315 3267 372 3303 esse
387 3246 553 3320 ademptum.
827 3278 832 3285 ·
857 3246 893 3300 52
914 3245 1026 3302 Fodere.
1050 3243 1086 3299 33
1105 3245 1143 3300 Et
1160 3246 1267 3318 nigram
1288 3258 1370 3319 agnam

257 3352 293 3388 20
307 3334 340 3387 In
352 3351 406 3405 quo
418 3329 504 3399 colle,
517 3327 584 3383 olim
596 3328 785 3403 sepulchreto,
819 3328 1121 3405 dentibusdiscerpere.

220 3420 357 3475 Maecenas
375 3413 486 3468 domum
501 3413 643 3487 pulchram
660 3416 716 3487 jam
732 3433 785 3469 ex·
854 3413 889 3482 34
907 3415 994 3470 Cruor
1006 3432 1081 3488 agne
1094 3413 1235 3487 discerptae
1247 3416 1277 3471 in
1287 3413 1371 3468 fossam

218 3514 354 3566 truxerat,
363 3496 506 3570 hortosque
518 3515 638 3551 amoenos
648 3495 785 3569 adjunxe-
818 3512 917 3552 terram
931 3500 1056 3552 mittitur.
1080 3496 1113 3551 35
1134 3497 1304 3553 Mortuorum
1317 3495 1373 3555 acie

218 3602 269 3640 rat.
286 3604 317 3639 21
329 3580 484 3656 Sepulchris
490 3582 609 3634 remotis.
624 3555 703 3639 filu
714 3577 785 3635 colle
818 3599 876 3636 mas
893 3584 1052 3639 excitarent.

217 3684 312 3743 aperto
327 3664 509 3721 deambulare.
528 3665 564 3718 ns
579 3666 612 3717 ln
628 3683 681 3737 quo
697 3682 786 3737 nuper
854 3665 890 3721 56
907 3667 977 3719 Duae
990 3680 1067 3719 erant
1077 3665 1227 3738 imagines,
1240 3664 1321 3719 altera
1331 3660 1371 3716 la-

216 3756 307 3809 tristes
321 3752 455 3805 homines.
475 3760 510 3815 24
524 3747 693 3801 Deformem.
817 3768 889 3818 nea,
908 3747 990 3802 altera
1010 3768 1096 3804 cerea.
1117 3749 1152 3821 37
1173 3749 1263 3822 Major
1281 3747 1371 3819 effigies

253 3835 288 3890 25
312 3836 378 3889 Non
396 3850 453 3888 tam
472 3833 564 3901 fures,
588 3845 664 3902 etc,
690 3847 783 3906 quern:
817 3849 874 3890 erat
889 3832 988 3900 lanea,
1007 3852 1066 3906 qua
1084 3833 1256 3900 interiorem,
1272 3830 1301 3885 id
1317 3842 1369 3890 est,

199 3921 425 3976 '261mmutano
817 3935 924 3974 ceream
934 3916 1095 3972 verberaret.
1114 3915 1283 3990 38Ut‚quae
1292 3913 1371 3975 mue:

253 4020 288 4075 27
297 4000 449 4076 Veneficas.
462 4000 498 4053 28
509 3998 661 4073 Postquam.
674 4018 709 4073 29
717 3997 783 4054 Col·
817 3998 936 4055 rabiliter
951 4000 1069 4072 petitura
1081 4009 1146 4053 eret.
