2842 4750
194 318 271 416 278
587 333 625 402 o.
679 327 956 386 uonsrrr

192 468 227 520 3⁶
236 465 362 542 Audit
376 463 559 541 contiuuo
572 494 582 540 ε
597 460 684 566 quis
696 460 815 548 homo
831 460 898 536 hio
912 467 990 539 est?
1003 485 1083 564 quo
1097 465 1368 561 patre-natus?

194 596 229 662 37
243 595 322 686 Ut,
338 591 370 669 si
387 591 455 694 qui
471 606 630 694 aegrotet
644 618 722 695 quo
737 587 873 666 morbo
888 588 922 641 ³⁸
936 586 1103 680 Barrus,
1121 585 1261 663 haberi
1399 577 1403 582 ⁴

194 721 244 795 Et
261 717 394 822 cupiat
410 716 621 806 formosus,
642 729 707 789 eat
724 740 1001 817 quacumque,
1025 711 1167 815 puellis

194 843 353 940 Iujieiat
374 868 508 918 curam
530 837 731 944 quaerendi
753 837 906 941 singula
923 868 934 916 ι
950 836 1073 941 quali‘

195 970 254 1046 Sit
271 968 398 1061 facie,
423 993 512 1043 sura
534 963 667 1068 quali,
689 963 815 1067 pede,
839 963 981 1054 dente,
1004 961 1170 1065 capillo:

196 1094 287 1184 Sic,
307 1091 375 1195 qui
394 1087 583 1194 promittit
605 1086 711 1163 cives
725 1125 742 1178 ,¹
759 1083 924 1177 urbem,
947 1083 1023 1161 sibi
1045 1111 1149 1161 curae

195 1214 412 1319 Imperium
428 1211 534 1304 fore,
556 1225 595 1285 et
616 1208 799 1300 Italiam,
825 1223 863 1282 et
880 1205 1045 1286 delubra
1061 1207 1235 1282 Deorum
1250 1236 1263 1298 3
1354 1263 1357 1266 ,

198 1345 284 1443 Quo
301 1353 409 1443 patre
427 1336 630 1427 situatae,
652 1362 749 1411 num
766 1334 898 1437 ignota
912 1350 1039 1409 matre
1057 1331 1309 1424 inhonestus,

199 1474 343 1549 Omnes
359 1465 539 1542 mortales
557 1490 720 1554 curare,
744 1479 783 1538 et
802 1462 836 1529 39
851 1489 1026 1566 quaerere
1044 1464 1158 1565 cogit.

171 1645 173 1649 =
197 1616 232 1665 4⁰
250 1601 362 1674 Tune
381 1593 492 1697 Syri,
513 1593 655 1665 Demae
667 1648 682 1702 ,k
698 1588 951 1692 aut'Diouysl
970 1603 1002 1654 4Ῑ
1022 1588 1147 1679 filius,
1170 1586 1291 1661 audes

197 1737 231 1788 4²
246 1717 429 1818 Dejioere
447 1719 469 1793 ὲ
484 1743 575 1791 saxo
590 1713 723 1806 cives,
751 1729 819 1790 aut
836 1714 989 1789 tradere
1006 1713 1040 1779 43
1057 1712 1234 1791 Cadmo?

198 1864 234 1914 44
250 1849 306 1922 At
321 1845 471 1922 Novius
489 1843 639 1949 collega
653 1842 780 1947 gradu
794 1858 878 1947 post
893 1869 959 1918 me
975 1842 1083 1920 sedet
1099 1869 1202 1935 un0;

196 1973 380 2076 Namque
397 1985 457 2146 {st
470 1970 506 2143 415
518 1968 610 2063 ille,
632 1987 743 2072 pater
762 1968 968 2071 quoderat
988 1994 1108 2046 meus.
1131 1967 1167 2032 46
1182 1965 1268 2041 Hoc
1285 1964 1371 2041 tibi

457 2098 482 2144 u
499 2100 523 2144 u

196 2172 248 2248 Et
264 2098 625 2249 Messalaaviddris?
651 2186 691 2262 at
708 2170 801 2264 hie,
822 2169 854 2245 si
874 2169 1045 2281 plaustra
1066 2168 1259 2259 ducenta,

199 2304 517 2404 Concurrautque
536 2298 619 2375 foro
641 2299 716 2375 tria
738 2299 904 2390 funera,
925 2314 959 2365 47
978 2285 1122 2401 magna
1143 2294 1296 2372 sonabit

197 2429 353 2505 Cornua
371 2427 476 2535 quod
491 2425 701 2529 vincatque
718 2425 857 2503 tubas:
872 2425 907 2499 43
921 2424 1056 2500 saltem
1069 2440 1177 2501 tenet
1189 2418 1264 2500 hoo
1280 2452 1370 2506 nos,

197 2556 316 2630 Nune
333 2551 384 2626 ad
400 2578 463 2627 me
480 2551 624 2644 reden,
644 2549 830 2627 libertino
843 2567 950 2655 patre
968 2565 1129 2642 natum,

198 2681 328 2780 Quem
341 2692 374 2744 49
388 2677 531 2752 rodunt
546 2704 678 2753 omnes
693 2675 880 2752 libertino
895 2691 1002 2778 patre
1020 2692 1181 2766 uatum3

198 2801 371 2893 ⁵0Nunc,
379 2798 473 2903 quia
483 2826 568 2875 sum
577 2798 649 2875 tibi
660 2800 941 2892 ‚Maecenas‚⁵1
954 2798 1212 2875 convient-:⁵2
1222 2813 1260 2873 at
1267 2797 1371 2876 olim

198 3002 276 3040 erant
288 2987 368 3039 assuti
382 3002 389 3036 ε
402 2981 543 3057 quoderat
554 2984 660 3057 insigne
671 2985 762 3056 majo·
797 2983 893 3041 dicens
903 2985 1036 3059 collegam
1046 3002 1125 3037 suum
1137 3002 1166 3037 se
1181 3001 1238 3038 esse
1249 2983 1369 3056 ignobi·

197 3090 259 3124 rum
269 3073 479 3142 magistratuum.
493 3065 762 3142 36Ap0pu10.37si
796 3069 901 3124 liorem.
920 3070 956 3136 45
971 3072 1019 3123 Est
1033 3067 1082 3123 ille‘
1092 3067 1221 3135 libertus,
1235 3087 1299 3122 eum
1311 3087 1370 3143 ego

197 3155 258 3226 quis
280 3168 388 3226 aegrotet
412 3151 496 3205 animi
516 3151 637 3219 morbo,
659 3151 764 3206 scilieet
797 3154 849 3207 sim
864 3152 1015 3207 libertinus.
1089 3174 1093 3211 t

198 3233 367 3288 adulterandi
392 3234 490 3289 studio.
511 3235 546 3288 38
571 3235 663 3288 Homo
680 3237 765 3290 nimis
832 3237 869 3302 46
883 3237 980 3291 luhoc
993 3234 1066 3309 quod
1080 3234 1243 3307 eollegetuo
1260 3234 1294 3288 sis
1307 3253 1362 3287 su-

197 3334 321 3392 comptus
339 3334 366 3372 et
379 3317 546 3372 mulierosus.
564 3319 599 3390 39
613 3319 694 3392 Cogit
707 3340 763 3373 cu·
780 3318 785 3335 “
796 3321 902 3394 perior,
915 3319 1014 3373 viderie
1026 3338 1083 3373 esse
1091 3318 1193 3372 nobilis
1204 3334 1235 3372 ut
1247 3315 1366 3387 Paulus,

196 3404 268 3457 :lose
277 3404 426 3474 percontari
436 3400 470 3455 de
481 3422 509 3456 se
520 3418 547 3457 et
556 3402 761 3458 suisnatelibue.
795 3417 864 3454 sum
875 3403 962 3455 uerba
979 3404 1119 3465 Horatii,
1135 3403 1185 3454 vel
1197 3403 1277 3454 alius
1289 3406 1370 3456 civis

234 3497 270 3552 4ο
290 3484 456 3556 Apostrophe
479 3485 571 3558 populi
595 3488 711 3538 Romani
733 3489 762 3541 in
796 3485 930 3539 Romani.
943 3483 1372 3557 47Vocem·edit,queeomuem

194 3566 328 3642 ignobiles
355 3564 390 3621 ed
419 3565 537 3622 honores
562 3583 590 3622 et
619 3570 763 3642 imperium
798 3570 936 3642 strepitum
954 3572 1055 3624 vineat.
1078 3570 1113 3637 48
1128 3569 1196 3638 Ques
1210 3570 1285 3622 vocis
1296 3587 1368 3622 ma-

194 3665 315 3711 eiectos.
342 3658 374 3716 4ι
394 3648 419 3703 E
437 3668 512 3703 servo
531 3652 658 3724 quopiam
675 3666 761 3706 natus.
798 3651 910 3723 gnitudo
923 3651 989 3704 facit
1000 3670 1051 3704 nos
1066 3652 1197 3704 sustinete
1211 3652 1269 3723 ejus
1281 3652 1368 3723 igno-

195 3746 233 3803 42
245 3732 336 3788 tudes
350 3734 516 3806 precipitare
532 3736 548 3786 ὀ
565 3754 629 3788 saxo
647 3735 766 3807 Tarpeio
799 3732 941 3786 bilitatem.
957 3743 993 3807 49
1002 3734 1106 3788 Omnes
1117 3730 1273 3786 clanculum
1281 3752 1367 3786 mor·-

120 3882 124 3893 ι
195 3819 310 3873 noxium
325 3831 353 3872 et
367 3815 546 3871 damnatum?
559 3815 589 3868 id
604 3830 663 3882 est,
677 3815 761 3871 eudes
795 3813 871 3870 dent.
891 3816 925 3871 50
939 3818 1021 3872 Nune
1033 3836 1077 3871 me
1096 3814 1230 3871 mordent.
1254 3816 1285 3870 51
1303 3816 1369 3872 Sim

196 3916 225 3954 tu
240 3899 377 3955 tribunatu
393 3900 491 3972 fungi?
509 3900 544 3967 43
560 3897 679 3954 Tradere
696 3919 760 3953 cer·
795 3898 845 3951 tihi
868 3899 1020 3955 familiaris
1031 3916 1058 3957 et
1078 3900 1202 3956 convive
1227 3900 1263 3954 52
1285 3898 1367 3957 Olim

194 3983 278 4041 uitet.
308 3991 344 4049 44
370 3980 523 4055 Respondet
545 3980 616 4037 lilius
637 3983 761 4053 Deme,
796 3980 967 4053 mordebanu
