2842 4750
204 339 277 419 230
597 360 636 428 Q.
676 353 969 411 >uonsrrr

196 502 198 505 ’
303 494 350 567 Iu
370 518 489 595 quem
508 489 699 593 'superbus
719 490 737 541 ³
759 489 956 567 ordindrat
979 488 1139 591 agmina

303 620 531 720 Mysorum,
555 634 594 693 et
613 615 656 693 iu
678 640 797 720 quern
821 614 899 692 tela
923 631 1039 691 acuta
1060 629 1233 692 torserat.
1333 689 1336 692 ,
1388 597 1391 600 ’

302 745 456 821 Luxere
478 760 618 835 matres
643 744 729 820 Iliae
746 734 948 820 'addictum
969 741 1060 819 seris

242 944 244 946 ,
303 867 503 960 Alitibus,
525 884 643 972 etque
664 866 858 944 canibusr
877 865 1119 943 homicidam
1140 866 1377 962 Hectorem,

306 1009 341 1045 10
357 996 566 1095 Postquam
588 990 735 1067 relictis
757 990 948 1067 rnaenibus
967 1016 1036 1065 rex
1057 989 1249 1094 procidit,

306 1122 421 1199 Heu!
448 1136 478 1170 ¹¹
496 1119 712 1223 pervicacis
729 1118 780 1195 ed
796 1116 913 1222 pedes
930 1112 1123 1199 Achillei.

308 1247 438 1322 Setosa
463 1244 568 1322 duris
586 1272 730 1325 *exuere
752 1243 916 1349 pellibus

308 1372 508 1449 Laboriosi
532 1388 563 1424 ¹2
585 1373 752 1477 remiges
774 1373 957 1475 Ulyssei',

272 1529 276 1537 ·
309 1495 521 1573 ¹3Volente
535 1494 669 1587 Circe,
685 1492 865 1570 membra
881 1527 890 1573 ε
908 1510 1002 1571 tunc
1017 1509 1051 1560 14
1063 1521 1194 1587 mens,
1211 1510 1250 1571 et
1262 1522 1378 1572 sonus

310 1619 528 1724 Relapsus,
551 1637 668 1724 atque
690 1634 801 1696 notus
822 1619 866 1696 in
887 1617 1016 1696 vultus
1041 1618 1173 1699 honor.

310 1743 415 1819 Dedi
438 1743 529 1819 satis
551 1771 741 1847 superque
765 1770 966 1846 poenarum
986 1736 1088 1834 tibi,

310 1868 345 1920 ¹⁵
361 1871 507 1945 Amata
527 1868 656 1944 nauti-s
676 1866 866 1961 multum,
887 1883 925 1941 et
948 1865 1199 1947 institoribus.

310 1996 430 2100 Fugit
450 1998 483 2047 ¹⁶
504 1996 706 2094 juvenum,
733 2010 767 2061 Ῑ7
789 2009 828 2069 et
848 1994 1092 2070 lerecundus
1115 1994 1220 2072 color

312 2120 493 2224 Reliquit
516 2148 597 2195 ossa
620 2119 722 2223 pelle
742 2119 887 2196 amicta
908 2118 1064 2196 lurida:

312 2246 348 2301 ¹⁸
367 2248 464 2326 Tuis
482 2248 646 2351 capillus
660 2247 777 2325 'albus
798 2265 854 2325 est
875 2247 1066 2326 odoribus.

313 2375 480 2454 Nullum
499 2380 523 2452 d
542 2375 675 2453 labore
696 2404 761 2452 me
782 2393 813 2444 Ι9
835 2375 1000 2453 reclinet
1019 2379 1171 2455 otium:

246 2501 249 2504 ’
314 2514 349 2552 ²0
367 2501 490 2604 Urget
508 2501 614 2577 diem
630 2529 733 2597 nox,
750 2517 790 2577 et
803 2502 885 2578 dies
902 2520 1053 2606 noctem
1065 2536 1077 2596 3
1091 2518 1123 2554 ²¹
1140 2530 1270 2606 neque
1288 2519 1348 2579 est

233 2717 237 2722 ¹
301 2623 468 2722 'Levare
491 2640 524 2676 ²²
546 2642 652 2702 tenta
675 2625 813 2730 spiritu
834 2628 1069 2731 preecordia.·

314 2746 349 2799 23
366 2749 467 2851 Ergo
484 2766 694 2853 negatum,
719 2750 882 2847 vincor,
904 2769 948 2830 ut
971 2753 1130 2830 credam
1146 2751 1291 2843 miser,

253 2908 271 2960 8
289 2907 321 2959 ln
331 2924 411 2979 quem
427 2907 590 2961 instruxerat
604 2910 762 2963 exercitum.
855 2909 886 2963 25
897 2908 1153 2982 OCsnidie,qusrn
1163 2923 1253 2970 neusse
1260 2923 1289 2963 st
1298 2910 1384 2962 insti-

253 3009 272 3063 9
290 2989 440 3042 Hominum
455 2987 672 3056 interfectorem,
686 2990 716 3043 id
727 3006 780 3058 est,
816 3008 895 3057 tores,
902 2991 1027 3046 homines
1035 2989 1145 3059 sordidi,
1155 2990 1270 3045 multum
1277 3006 1382 3044 amant.

217 3074 305 3126 virum
321 3071 496 3132 bellicosum.
506 3071 634 3146 intelligit
649 3076 781 3129 Hectoris
856 3077 888 3128 16
900 3077 977 3148 Fugit
990 3075 1038 3128 ilos
1051 3076 1197 3146 juventutis
1205 3089 1284 3129 mers.
1303 3074 1385 3144 17131

216 3155 336 3210 cadaver
347 3156 511 3209 abAclu'lle
522 3158 642 3210 canibus
654 3157 784 3212 destina-
816 3157 982 3214 rubicundus
998 3157 1093 3224 color,
1108 3155 1193 3231 qualis
1205 3158 1280 3210 inest
1292 3158 1386 3229 pueris

218 3254 287 3292 cram.
323 3257 354 3290 ro
376 3239 541 3312 Postquam,
563 3237 657 3294 relicta
678 3239 780 3318 Trois,
817 3239 1053 3307 erubescentibus,
1067 3260 1124 3294 non
1137 3257 1249 3305 carnes,
1262 3237 1384 3293 sedossa

216 3321 339 3375 Priamus
349 3340 405 3375 sese
414 3320 449 3378 ad
456 3322 657 3397 pedesdehillis
665 3323 781 3397 abjecit,
815 3333 921 3379 tuntum
938 3323 1007 3377 mihi
1021 3322 1128 3398 reliquit
1146 3322 1195 3376 snb
1213 3324 1292 3395 nigra
1308 3319 1387 3395 pelle

218 3422 313 3473 oreris,
326 3420 356 3456 ut
368 3424 464 3478 corpus
476 3406 602 3459 Hectoris
615 3406 666 3460 sibi
677 3405 781 3462 redde·
815 3409 921 3461 vestitu.
930 3408 1044 3474 Iustius,
1054 3408 1078 3461 si
1086 3404 1212 3463 Bentleio
1223 3404 1386 3470 credemus,

216 3502 268 3543 ret.
288 3509 315 3542 ιι
334 3483 473 3541 Obstinnti¹
483 3490 512 3541 in
527 3491 669 3557 sententia.
817 3487 967 3559 diceretur,
980 3509 1032 3544 ora
1045 3508 1094 3563 pro
1107 3507 1183 3543 ossa.
1204 3488 1236 3541 18
1247 3488 1315 3540 Tuis
1330 3507 1387 3541 un·

257 3590 289 3625 sn
313 3569 385 3625 Socii
408 3570 511 3645 Ulyssis
535 3587 668 3626 exuerunt
695 3586 781 3627 setoso
817 3575 961 3644 gerentisst
974 3568 1388 3644 veneficiiscsuusestcspillus

196 3660 198 3664 ’
216 3654 339 3710 membra
352 3653 424 3708 duris
440 3654 670 3728 pellibus,idest,
680 3676 781 3729 porco-
816 3673 892 3710 meus
909 3670 971 3710 ente
983 3671 1097 3728 tempus.
1119 3653 1211 3725 19Me
1227 3650 1340 3706 liberat.

200 3756 202 3758 ’
215 3758 277 3795 rum
292 3739 387 3813 figuras
402 3754 534 3793 exuerunt
548 3754 575 3792 et
588 3739 721 3793 humanas
733 3728 791 3794 res-'¹
816 3756 851 3791 so
863 3739 950 3793 Nocte
960 3737 1057 3813 dieque
1063 3739 1146 3791 enimi
1153 3735 1293 3790 doloribus
1302 3754 1388 3790 exer·

103 3885 105 3888 Ι
214 3838 394 3895 sumpserunt.
426 3822 457 3874 13
481 3821 656 3876 Concedente
679 3822 779 3889 Circe,
815 3841 887 3876 ceor.
900 3839 931 3875 ns
946 3818 1389 3894 wilimnequelicetrespirsru»

215 3904 270 3981 jain
280 3904 313 3958 nb
328 3904 423 3976 Ulysss
437 3902 551 3976 placete.
574 3913 605 3970 14
617 3906 698 3958 Tunc
709 3906 781 3958 ratio
815 3919 851 3964 an
864 3903 1013 3959 Precordis
1025 3917 1135 3958 extenta
1148 3902 1252 3975 spiritu.

216 3988 335 4044 etoretio
345 4002 373 4046 et
382 3986 465 4043 facies
476 3988 588 4063 pristina
596 3989 720 4046 restitute
728 4001 779 4048 est·
849 3984 886 4043 23
895 3988 967 4065 Ergo
977 3989 1058 4043 miser
1069 3987 1179 4059 emtor,
1188 3998 1220 4039 ut
1227 4002 1306 4040 nunc
1317 4002 1391 4039 crs-
