2842 4750
265 318 736 399 erres-ornnes
784 321 899 381 nie.
952 323 979 382 1.
1124 283 1204 407 ³6⁴9

39 453 78 535 Si
97 455 237 560 possis,
253 472 376 547 recte;
387 454 423 530 si
440 480 516 529 non
529 510 541 545 ‚
553 454 591 520 ’73
610 459 861 557 quocumque
879 453 994 529 modo
1010 476 1115 550 rem3

36 594 70 650 79
86 585 141 659 Ut
157 583 310 686 propius
325 599 473 686 spectes
488 580 707 682 lacrymosa
725 569 904 681 po'e'mata
921 577 955 638 39
972 580 1096 682 Pupi:

37 712 103 785 Au
132 706 200 811 qui
224 707 389 783 fortunae
413 706 446 758 ⁸¹
476 723 514 782 te
541 725 760 808 responsare
786 701 964 804 superbae
1040 709 1044 720 '
1114 727 1118 734 ·
1163 688 1165 692 ‚

39 837 73 888 ⁸2
92 835 283 912 Liberum
297 833 331 890 33
349 850 387 910 et
402 851 576 911 erectum
593 855 759 934 praesens
771 830 974 924 hortatur,
989 845 1030 906 et
1043 831 1177 934 aptet?
1207 839 1210 843 ’

39 961 155 1065 Quod
169 960 200 1034 si
216 986 281 1034 me
293 959 458 1061 populus
476 962 675 1035 Romanus
693 956 790 1032 forte
807 950 936 1058 roget,
957 978 1028 1032 cur
1057 1007 1060 1014 ·

40 1084 156 1174 Non,
175 1082 215 1148 34
233 1098 277 1157 ut
301 1081 533 1184 porticibus,
553 1083 587 1134 33
606 1083 664 1159 sic
686 1079 845 1180 judiciis
864 1081 973 1157 fruar
996 1081 1116 1158 isdem
1131 1129 1163 1175 ,f
1282 1111 1287 1116 ·

37 1211 78 1287 N
81 1238 127 1303 ec
142 1234 302 1313 sequar,
320 1225 387 1285 aut
402 1207 574 1312 fugiam,
592 1238 680 1312 quse
698 1207 828 1311 diligit
844 1208 948 1312 ipse,
963 1208 1029 1289 vel
1044 1210 1126 1287 odit
1140 1239 1153 1304 ’ς

38 1333 158 1411 Olim'
173 1336 278 1437 quod
300 1333 436 1437 vulpes
456 1351 599 1436 aegroto
625 1334 661 1396 8⁶
685 1327 807 1409 caute
826 1332 930 1408 leoni

38 1461 281 1563 Respondit,
298 1462 333 1528 37
350 1460 541 1538 referem:
558 1461 593 1513 33
611 1460 714 1563 Quia
729 1486 790 1536 me
807 1459 971 1563 vestigia
987 1475 1152 1554 terrent,
1201 1477 1204 1482 ’

34 1573 188 1663 Omnia
204 1603 242 1662 te
262 1587 472 1663 adversum
491 1588 733 1689 spectantia,
754 1583 867 1690 ‘nulla
881 1603 1108 1664 retrorsum.
1204 1601 1209 1648 ‘-

32 1710 71 1779 39
88 1709 230 1788 Bellue
249 1710 461 1787 multorum
480 1735 519 1787 es
535 1711 709 1814 capitum
723 1713 841 1802 31iem
856 1708 953 1813 quid
967 1731 1127 1813 sequar,
1142 1726 1210 1787 eut

241 1832 384 1926 quem?

31 1946 133 2024 Pers
151 1943 356 2042 bominum
379 1945 494 2049 gestit
515 1944 734 2021 conducere
750 1941 983 2052 905publicet
1007 1962 1097 2022 sunt
1115 1946 1185 2050 qui
1205 1955 1208 1962 '

31 2086 66 2139 9Ι
92 2070 244 2149 Crustis
263 2087 303 2146 et
326 2072 450 2174 pomis
470 2071 610 2148 viduas
633 2087 825 2147 venentur
848 2085 883 2138 9²
902 2096 1060 2164 averes,
1094 2100 1106 2130 «-

32 2199 68 2265 93
92 2196 384 2299 Excipiamque
406 2225 534 2292 senes,
555 2215 590 2265 94
606 2198 706 2302 quos
726 2199 769 2274 in
786 2198 941 2276 vivaria
962 2199 1147 2277 mittant:

28 2321 180 2402 Multis
206 2322 372 2401 occulto,
386 2323 527 2401 crescit·
548 2349 608 2401 res
631 2322 790 2402 foenore.
813 2324 966 2403 Verum

28 2448 66 2516 9⁵
93 2449 217 2539 Esto,
235 2446 323 2525 eliis
345 2446 440 2525 alios
457 2446 599 2540 rebus,
624 2446 838 2559 studiisque
864 2448 1017 2525 tenerit
1046 2438 1048 2443 ⁴

25 2562 166 2655 Iidem
192 2578 330 2653 eedem
353 2592 509 2679 possunt
527 2577 662 2652 horem
682 2576 828 2655 durare
844 2576 1080 2679 probantes?

25 2702 186 2780 Nullus
197 2700 348 2778 in'orbe
367 2702 471 2779 sinus
487 2705 521 2771 9⁶
539 2702 644 2779 Baiis
659 2684 845 2805 praelucet
862 2704 1051 2796 amoenis,
1134 2771 1137 2776 .

26 2826 72 2903 Si
90 2823 199 2900 dixit
215 2823 345 2916 dives,
358 2840 392 2891 97
410 2824 518 2901 lacus
536 2842 574 2900 et
591 2851 697 2901 mare
715 2824 830 2900 sentit
846 2851 1022 2905 amorem
1112 2820 1114 2831 '

23 2948 62 3017 93
90 2945 332 3023 Festinantis
358 2945 462 3039 heri;
481 2948 544 3022 cui
572 2941 603 3022 si
634 2948 773 3025 vitiosa
797 2944 921 3023 libido

24 3116 147 3181 suadet,
160 3111 306 3167 utlucrum
319 3112 410 3167 tactas.
421 3114 456 3185 78
466 3115 529 3167 Jnre
540 3152 549 3178 ‚
562 3113 607 3166 vel
641 3114 730 3188 tigalie
741 3114 833 3189 pepuli
845 3113 997 3168 conducere
1009 3148 1017 3181 ,
1028 3112 1101 3171 unde
1113 3118 1206 3193 publi.

24 3194 146 3274 injuria.
169 3215 205 3270 79
222 3196 260 3249 Ut
278 3198 349 3250 inter
362 3197 463 3269 equites
471 3197 606 3249 Romanos
639 3201 703 3250 neni
724 3197 935 3270 appellabantur.
953 3216 986 3270 9¹
1007 3200 1096 3253 Donis
1107 3205 1208 3260 nullius

24 3282 128 3341 sedeas
148 3282 182 3334 in
197 3279 311 3332 tlieetro.
323 3279 368 3331 -80
386 3279 493 3350 Tragici
508 3278 605 3332 Poste.
641 3282 786 3354 pretii.·9e
807 3279 907 3335 Viduas
924 3298 1065 3337 munerum
1085 3288 1206 3360 cupidas.

28 3371 61 3422 δι
83 3367 242 3424 Obsistere.
263 3363 299 3415 82
320 3360 500 3433 Purgatumd
523 3362 605 3415 vitiis.
641 3365 677 3437 93
696 3363 826 3418 insidiose
842 3374 950 3436 captent
968 3381 1054 3419 senes.
1076 3378 1111 3440 94
1130 3372 1205 3439 Quos

31 3451 68 3504 83
85 3454 223 3509 Erectnm
242 3444 277 3498 ed
294 3446 413 3498 virtutes.
522 3457 526 3461 ⁴
641 3443 752 3502 tendent
776 3444 928 3513 devorent,
947 3446 1030 3502 veluti
1053 3452 1139 3523 pisces
1159 3468 1207 3508 eut

67 3537 104 3602 84
127 3537 164 3587 ln
187 3529 284 3604 quibus
306 3547 369 3582 cum
393 3527 493 3602 populo
515 3526 606 3583 sedeo.
642 3531 726 3597 feras,
750 3533 781 3584 in
800 3531 906 3584 riveriis
927 3527 1058 3601 detentos.
1186 3589 1187 3593 ,

28 3615 121 3671 etsie
130 3606 211 3669 suem
218 3613 605 3683 sementiamcurnousequer.
677 3616 713 3688 95
724 3612 871 3681 Concedo,
886 3611 958 3687 quod
970 3614 1068 3668 diversi
1082 3614 1207 3670 homines

26 3701 65 3755 86
83 3698 207 3769 ·Vulpes
235 3708 331 3750 eunte.
354 3694 390 3767 87
418 3693 605 3767 Respondebo.
642 3688 749 3752 diverse
768 3713 924 3763 sectantum
938 3685 972 3752 et⁸
984 3698 1067 3753 iidem
1089 3716 1208 3771 persepe

26 3786 66 3837 88
86 3783 159 3835 Non
179 3778 285 3832 dabitur
301 3778 477 3832 mibidritiis
486 3770 605 3847 reditus,
640 3781 1207 3855 mutantur.96UrbsCampaniss.97Leces

25 3868 51 3923 si
72 3863 112 3919 ed
130 3860 182 3917 illa
197 3862 280 3917 semel
292 3865 425 3937 ingressus
443 3861 529 3916 fuero.
639 3867 776 3930 marinus,
791 3862 819 3917 id
836 3879 892 3931 est,
906 3865 1037 3917 Lucrinus
1049 3863 1079 3913 iu
1091 3860 1205 3920 Baiano.

64 3950 106 4023 89
123 3947 177 4005 Est
192 3947 284 4024 populi
303 3947 456 4024 descriptio,
476 3966 511 4023 9⁰
529 3950 605 4014 vace
640 3948 750 4022 98Heri
761 3941 1208 4006 refestinantisededifirendum,

873 4136 876 4141 ⁴
964 4061 1014 4139 ²4
