2842 4750
209 288 259 384 46
556 232 978 370 'o.1ronAr1r

209 442 388 532 Nervus,
410 454 528 541 atque
555 451 686 511 eutem
708 435 825 511 morti
851 448 1093 511 concesserat
1114 450 1243 526 atrae,

260 566 407 641 Judice
430 579 494 655 te,
521 560 553 611 1⁵
579 588 657 636 non
679 557 856 635 sordidus
879 574 1015 633 auctor

212 694 400 779 Naturae,
426 687 601 790 verique.
629 685 706 762 Sed
729 711 859 761 omnes
881 711 960 759 una
984 698 1119 760 manet
1140 682 1174 734 1⁶
1195 711 1308 777 nox,

265 815 315 890 Et
335 811 525 890 calcanda
543 810 665 887 semel
686 808 753 887 via
774 809 884 888 lethi.
1049 892 1054 898 ,

213 942 323 1018 Dant
341 940 437 1015 alios
457 955 490 1006 17
510 937 639 1014 Furiae
660 953 770 1013 torvo
791 935 1016 1040 spectacula
1037 935 1174 1014 Marti.

265 1070 396 1146 Exitio
419 1081 476 1142 est
500 1063 626 1142 avidis
648 1092 758 1141 mare
784 1063 923 1142 nautis.
962 1052 964 1057 ¹

214 1195 250 1249 ¹3
259 1176 831 1288 Mista'senumacjuvenumu
841 1190 1051 1268 densantur
1060 1190 1387 1271 funera.Nullum

268 1320 380 1396 saeva
397 1334 514 1420 caput
530 1332 565 1368 ²0
584 1315 815 1419 Proserpina
832 1315 943 1420 fugit.

216 1447 286 1525 Me
305 1471 460 1547 quoque
478 1458 509 1494 21
529 1441 667 1518 devexi
688 1440 847 1547 rapidus
864 1470 991 1519 comes
1009 1440 1166 1519 Orionis

264 1578 306 1621 22
323 1568 494 1670 Illyricis
516 1570 639 1645 Notus
659 1566 792 1644 obruit
811 1567 938 1654 undis.
1042 1548 1045 1559 i

218 1693 252 1745 23
268 1694 325 1767 At
345 1708 414 1784 tu,
430 1708 578 1784 nauta,
601 1719 713 1794 vagae
728 1718 778 1766 ne
793 1717 908 1796 parce
927 1705 962 1756 ²4
979 1688 1179 1793 malignus
1197 1717 1328 1766 arenae

272 1820 457 1913 Ossibus,
481 1837 520 1896 et
542 1820 661 1923 capiti
686 1819 890 1896 inhumato

219 1949 460 2028 Particulam
477 1948 581 2025 dare.
600 1949 634 1998 25
651 1947 716 2025 Sic
738 1948 1014 2052 quodcumque
1031 1945 1255 2024 minabitur
1268 1948 1383 2045 Eurus

269 2077 473 2156 Fluctibus
496 2077 721 2181 Hesperiis,
743 2079 778 2128 ²⁶
799 2076 1013 2156 Venusinae

220 2205 448 2283 Plectantur
469 2203 603 2296 silvae,
627 2219 662 2272 27
679 2221 717 2280 te
738 2203 905 2307 sospite,
931 2202 1136 2306 multaque
1165 2227 1339 2289 merces,

271 2331 306 2384 28
326 2332 441 2407 Unde
461 2313 609 2434 potest,
631 2329 706 2406 tibi
730 2330 877 2415 defluat
896 2346 930 2397 29
955 2355 1067 2433 aequo

219 2456 287 2533 Ab
303 2457 434 2545 Jove,
459 2458 720 2558 Neptunoque
738 2455 837 2530 sacri
857 2455 1014 2530 custode
1036 2454 1070 2506 30
1088 2453 1266 2532 Tarenti.

220 2627 316 2681 corpus
325 2609 435 2660 interire
442 2606 492 2660 sibi
498 2622 672 2679 persuaserat.
684 2606 715 2660 15
723 2607 787 2661 No-
822 2604 921 2661 dicitur
933 2607 1085 2661 Firmanus.

218 2687 785 2761 bilissimasindagatornaturalisveritatis.
857 2691 893 2745 23
903 2689 1033 2763 Archytas
1042 2704 1152 2743 nautam
1163 2705 1239 2757 orat,
1252 2707 1288 2742 ne
1297 2701 1379 2740 rema-

261 2772 292 2825 16
301 2773 463 2825 Unamortis
474 2774 618 2833 necessitas
627 2791 722 2826 omnes
731 2793 785 2827 ex·
820 2791 885 2830 neat
891 2773 1051 2848 insepultus.
1061 2773 1137 2827 Ordo
1148 2789 1203 2827 est:
1215 2788 1242 2827 at
1248 2788 1288 2837 tu,
1297 2782 1380 2829 nauta,

221 2872 320 2933 peceat.
336 2854 785 2930 17Ali1riisconllanturbellaquee
819 2880 856 2914 ne
878 2878 958 2934 parce
985 2856 1118 2932 malignus
1141 2856 1207 2912 dare
1229 2851 1379 2930 particulam

220 2943 317 2996 Martis
328 2955 390 2993 sunt
403 2938 471 2993 ludi.
576 3007 581 3022 .
820 2961 893 3016 vagae
912 2960 1000 3014 arenae
1018 2940 1120 2994 ossibus
1141 2955 1168 2994 et
1183 2942 1324 2995 inhumato
1335 2951 1380 2986 ca-

260 3026 291 3077 18
301 3024 437 3097 Cujusque
448 3023 532 3078 aetatis
542 3013 668 3093 homines
673 3025 786 3078 interire
820 3029 888 3101 piri,
901 3025 997 3092 idest,
1012 3026 1117 3098 corpori
1126 3044 1200 3080 meo.
1211 3040 1246 3090 24
1256 3023 1284 3076 N
1285 3041 1298 3074 e
1308 3032 1378 3092 parc⁰

219 3123 345 3182 oportet,
363 3109 484 3180 quamvis
503 3106 609 3160 diverso
626 3108 721 3160 mortis
734 3127 787 3182 ge·
821 3126 950 3185 tanquam
970 3109 1120 3182 malignus,
1134 3108 1182 3164 sed
1191 3108 1259 3164 velis
1268 3102 1380 3158 hilariter

220 3210 297 3245 nere.
320 3209 352 3261 ¹9
367 3189 555 3248 cumulantur.
823 3209 851 3249 et
859 3194 933 3250 bono
944 3196 1036 3246 animo
1046 3191 1120 3245 dare.

257 3292 293 3327 2ο
301 3274 392 3340 Mors,
407 3290 447 3327 est
457 3276 531 3325 enim
542 3274 701 3347 Proserpina
709 3292 788 3328 mor·
859 3280 894 3332 25
901 3278 1056 3350 Adjurantis
1067 3275 1173 3342 est‚vel
1184 3265 1381 3348 cornpreeauti⁸⁸¹

219 3361 255 3413 ίὶῦ
267 3374 295 3412 et
308 3359 371 3411 Vitae
384 3355 493 3410 arbitra.
823 3363 908 3434 Rogat
918 3363 1008 3426 enim,
1019 3362 1135 3422 sinente
1145 3379 1207 3413 eum
1217 3349 1379 3430 sepeliverit,
1410 3393 1411 3396 =

266 3460 297 3493 2ι
319 3443 464 3493 Devexum
479 3439 619 3513 intellige,
635 3440 679 3495 vel
689 3434 735 3513 qdi
752 3438 788 3493 ad
822 3458 854 3498 ut
865 3462 959 3496 omnes
976 3458 1147 3516 tempestates
1166 3443 1182 3495 i
1197 3431 1379 3512 navigantibus

220 3544 348 3580 occasum
357 3525 458 3595 vergit,
469 3522 512 3577 vel
525 3527 570 3596 qui
582 3522 716 3577 indeclivi
724 3523 787 3577 coeli
822 3542 976 3582 avertantur
990 3528 1020 3579 iu
1032 3526 1120 3580 silvas.
1139 3527 1175 3580 26
1193 3524 1273 3579 Silvae
1286 3521 1378 3571 Venu-

220 3625 297 3685 parte
305 3610 370 3662 situs
380 3622 429 3660 est.
437 3606 509 3659 Nam
516 3607 617 3674 Orion,
629 3609 684 3660 sive
694 3608 786 3661 oriens
822 3609 993 3679 simelam,
1009 3630 1059 3684 pro
1078 3609 1290 3685 quibuscumque
1303 3596 1378 3653 silvis·

218 3697 275 3748 sive
293 3690 439 3756 occidens,
455 3691 564 3744 nimbos
583 3706 611 3745 et
623 3705 718 3744 ventos
733 3709 787 3745 ex·
823 3694 974 3752 Venusiam
994 3695 1088 3749 civitas
1106 3709 1146 3747 est
1160 3691 1272 3768 Apulia.
1293 3700 1326 3755 27
1342 3678 1379 3730 ΤΘ

219 3781 305 3845 citat,
324 3777 370 3850 qui
389 3773 493 3829 idcirco
509 3777 592 3849 ipsius
611 3776 724 3828 comites
739 3773 787 3828 di·
824 3774 907 3831 salvo.
934 3779 968 3831 28
991 3773 1187 3851 Undecumque
1213 3788 1254 3829 est
1270 3764 1376 3851 occasio:

220 3877 328 3915 cuntur.
344 3877 378 3912 22
392 3859 512 3911 Firmum
521 3875 561 3912 est
571 3856 710 3911 castellum
721 3877 787 3910 ver·
860 3877 895 3933 29
912 3860 954 3913 Ab
975 3861 1042 3913 Jove
1065 3858 1115 3913 tibi
1138 3859 1255 3912 favente.
1279 3852 1313 3905 30
1330 3841 1379 3898 Ul„

220 3963 287 4017 gens
303 3942 339 3999 ad
356 3940 473 4016 illyriam
486 3982 495 4015 ‚
511 3941 585 3999 unde
596 3940 642 3997 hic
656 3940 788 4015 Archytas
823 3943 966 4017 Neptunus
978 3942 1101 4002 devotius
1115 3941 1261 3999 colebatur.
