2842 4750
294 326 945 387 11111111111111111.111ο
1098 321 1203 404 ’149
1297 368 1305 383 .

135 457 169 508 ¹⁵
191 455 416 547 O-Leneee,
440 451 550 556 sequi
575 453 709 528 Deum

184 579 416 681 Cingentem
440 575 558 652 viridi
581 591 753 678 tempora
774 575 970 679 pampino.

47 705 116 763 viridi
128 708 254 782 pampino
267 721 378 761 coronat
387 724 453 779 quot
464 703 602 759 111101111-
636 702 667 757 id
686 717 726 757 est
740 742 750 767 ,
765 702 781 756 i
798 701 944 772 torculari,
963 705 1128 779 quarinum
1146 712 1202 768 ex-¹,

46 791 92 848 bet.
108 793 138 848 15
148 791 273 847 Bacchus
280 793 394 845 Lenaeus
402 826 413 853 ,
428 787 480 841 aas
490 793 521 838 11
531 792 602 856 suti,
636 787 771 861 primitur.

173 962 269 1071 nn
321 957 702 1041 Vnnnnsu.
756 956 1066 1041 oaexxvr.

45 1144 185 1248 Sejam
204 1171 339 1221 senem
350 1144 509 1244 fizcncm
529 1149 729 1219 amatoria
746 1170 860 1229 arma
876 1145 1028 1221 Veneri
1054 1147 1212 1226 dicare.

23 1356 28 1377 ι
132 1273 265 1393 err
286 1313 434 1417 puellis
455 1331 469 1366 1
490 1343 615 1419 nuper
638 1314 828 1409 idoneus,

132 1442 181 1519 Et
203 1456 221 1492 ²
243 1439 414 1518 'militavi
437 1468 516 1516 non
540 1441 622 1517 sine
646 1439 797 1544 gloria:

167 1567 198 1629 ,³
219 1568 337 1644 Nunc
362 1593 498 1663 arma,
523 1582 542 1633 4
562 1564 871 1673 defunctumque
892 1563 998 1644 bello

144 1705 148 1711 ’
232 1692 421 1770 Barbiton
445 1692 511 1770 hic
533 1694 659 1796 paries
680 1692 869 1785 habebit,

132 1818 330 1896 ⁵Laevum
352 1819 516 1896 marinae
539 1817 607 1923 qui
631 1817 800 1899 Veneris
824 1817 925 1896 latus

132 1941 319 2022 Custodit.
343 1942 448 2036 Hic,
476 1941 542 2019 hic
565 1946 696 2050 ponite
721 1945 856 2022 lucida

180 2071 199 2121 ⁶
219 2070 251 2146 F
253 2069 414 2162 unalia,
441 2086 480 2146 et
503 2086 520 2138 7
540 2085 696 2162 vectes,
724 2086 762 2145 et
785 2097 899 2149 arcus
934 2149 936 2152 ,

227 2193 245 2246 ⁸
268 2193 463 2297 Oppositis
487 2192 635 2271 foribus
656 2193 843 2273 minaces

130 2318 203 2395 90
227 2316 491 2429 quaembeatam
513 2319 628 2398 Diva.
646 2334 752 2398 tenes
775 2336 808 2373 ¹0
832 2321 1034 2425 Cyprum,
1059 2337 1098 2400 et

124 2457 161 2515 Μ.
185 2445 410 2548 Memphim
432 2463 630 2522 carentem
658 2461 690 2499 1²
715 2445 892 2525 Sithonia
911 2446 1032 2543 niue,

180 2569 366 2674 Regina,
391 2571 423 2622 ¹³
446 2570 606 2680 sublimi
631 2572 788 2677 flagello
1014 2676 1018 2682 θ

231 2701 368 2802 Tange
395 2698 545 2778 Chloen
567 2701 688 2779 semel
717 2718 750 2768 Ῐ4
774 2717 1029 2808 arrogantem.

65 2831 80 2874 't
89 2820 159 2878 Cum
168 2841 254 2879 essem
264 2839 341 2879 aetate
351 2826 463 2899 integra.
474 2846 491 2881 2
500 2827 593 2881 Amori
629 2842 761 2883 amatores
774 2827 790 2882 i
804 2828 989 2884 meretricibus
999 2850 1055 2884 non
1069 2830 1198 2904 admissig

35 2919 137 2977 operam
147 2907 222 2962 dedi.
237 2910 356 2963 Militat
368 2917 460 2964 omnis
474 2930 591 2975 amans,
628 2912 699 2966 fores
723 2928 749 2966 ot
778 2911 906 2966 fenestras
937 2912 1119 2986 effringerent.
1148 2917 1194 2973 Sic

34 3002 57 3038 et
74 2990 155 3045 habet
178 3012 231 3046 seta
253 3007 349 3048 eastra
369 2993 488 3066 Cupido.
508 2993 591 3049 Ovid.
628 2995 733 3049 Thraso
744 2995 856 3049 Thaidis
868 2995 980 3052 domum
996 3012 1198 3069 expugnaturus
1269 3053 1271 3056 ,

34 3069 150 3129 3Paries
169 3075 248 3148 bujut
265 3076 358 3151 templi
376 3075 470 3151 (quod
490 3078 592 3131 Veneri
628 3078 735 3151 inquit:
752 3078 872 3132 Procede
890 3078 944 3132 lucc
964 3097 1028 3131 cum
1040 3096 1112 3136 vecte
1124 3085 1197 3149 Duff

34 3158 219 3233 consecratur)
232 3158 344 3214 habebit
356 3178 430 3212 nunc
444 3177 518 3211 arma
531 3177 592 3213 mea
628 3179 693 3215 rax.
706 3162 723 3215 8
737 3160 847 3215 Foribus
861 3160 970 3215 clausis.

34 3238 173 3310 militaria,
190 3262 288 3318 nempe
306 3241 427 3308 funalia,
446 3239 591 3309 barbiton,
663 3243 723 3316 90
737 3246 848 3311 Venus,
867 3258 894 3298 te
910 3263 1024 3317 precor,
1039 3262 1070 3303 ut
1082 3243 1192 3307 Chloen

33 3339 116 3379 tersus
131 3326 252 3401 lyricos,
269 3342 359 3382 vectet
376 3343 403 3381 et
417 3345 502 3381 arcus.
521 3337 537 3394 4
555 3328 592 3381 Et
627 3326 757 3382 hactenus
780 3327 931 3383 amantibus
955 3330 1095 3404 superbam
1118 3336 1196 3408 gravi

31 3401 147 3464 barbiton
158 3451 166 3478 ‚
178 3410 254 3485 quod
260 3410 362 3479 linivit,
372 3426 399 3464 et
408 3409 521 3464 absolvit
532 3409 592 3464 bel-
628 3415 726 3469 amoris
744 3412 821 3487 plaga
839 3412 926 3467 semel
939 3416 1082 3487 percutias.
1100 3421 1196 3482 10111--Ι

29 3486 79 3545 lum
89 3510 261 3569 susceptum,
276 3497 374 3548 amoris
386 3496 524 3548 nimirum.
534 3496 549 3548 5
561 3496 591 3550 ld
628 3497 714 3551 sulam
729 3495 898 3569 opulentam,
913 3498 942 3549 in
955 3516 1007 3570 qua
1016 3500 1109 3553 Venus
1119 3519 1195 3573 prae·

31 3588 81 3641 est,
99 3580 214 3651 pariet,
238 3579 284 3650 qul
302 3579 440 3650 proximus
463 3591 503 3630 est
523 3577 591 3632 laevo
628 3583 706 3653 cipue
722 3578 867 3633 colebatur.
886 3578 957 3633 Vide
974 3579 1034 3635 Ode
1054 3603 1083 3636 11.
1103 3581 1152 3638 111),
1170 3600 1196 3654 rr

29 3652 99 3712 lateri
120 3663 240 3715 Veneris
259 3663 387 3728 marines,
406 3660 438 3713 id'
453 3676 508 3728 est,
530 3664 592 3714 Ve-
632 3685 660 3716 11
678 3661 780 3715 Urbem
795 3663 827 3714 in·
840 3662 980 3736 AEgypto,
994 3684 1053 3738 quae
1066 3668 1129 3718 nive
1144 3682 1195 3718 ca-

30 3745 94 3795 noris
111 3764 148 3799 ex
163 3763 260 3819 spuma
274 3746 355 3799 maris
369 3747 484 3818 genitae,
504 3744 592 3799 habe·
626 3744 847 3819 ret,quod'regio
858 3761 897 3799 est
914 3744 1011 3799 calida.
1036 3746 1203 3802 arataeis

30 3817 64 3878 bit
77 3825 220 3882 barbiton.
627 3832 705 3884 nive..
731 3830 761 3883 13
781 3828 898 3901 Flagell'o
915 3831 945 3881 in
965 3827 1062 3882 altum*
1073 3826 1201 3899 sublato,

58 3908 202 3965 GFunalia
214 3914 354 3967 nocturnis
366 3904 593 3986 ambulationibus
627 3928 658 3966 ut
668 3914 737 3966 ictus
747 3914 780 3965 sit
789 3912 984 3966 veliementior.
1002 3920 1034 3980 14
1044 3908 1195 3986 Superbam
1241 3902 1242 3905 Ἴ

30 3987 209 4054 uterrientia.
228 4014 250 4070 7
270 3998 469 4071 Instrumenta,
497 3995 593 4072 quibus
627 4011 736 4071 propter
752 3992 993 4070 pulchritudinem.
