2842 4750
183 317 257 392 282
584 285 948 401 (senonim

180 461 326 539 Incedo
342 443 442 540 solus
460 492 469 538 :
486 479 689 564 percontor
705 462 738 513 ¹⁵
756 460 892 566 quanti
906 462 1016 555 olus,
1041 490 1088 538 aa
1104 463 1190 542 far:

178 592 214 641 ³⁶
227 592 258 665 F
260 589 426 666 allaoem
443 588 629 682 Circum,
651 606 683 659 Ι7
699 590 1041 695 vespertinumque
1059 619 1215 693 pererro

179 714 288 818 Saepe
306 713 434 789 forum
450 745 460 790 :
480 712 514 764 23
530 713 661 790 assisto
679 713 824 792 divinis
841 746 851 791 ε
868 712 961 790 inde
979 714 1139 790 domum
1156 742 1220 790 mo

176 843 246 919 Ad
260 843 362 946 porri
378 900 390 935 ,
407 857 447 918 et
463 841 601 918 ciceris
613 842 767 937 refero,
791 858 823 910 ¹9
838 841 1050 947 laganique
1069 843 1257 922 catinum.

177 968 300 1044 Coena
317 966 558 1045 ministratur
573 983 609 1019 ²⁰
621 967 752 1072 pueris
769 967 918 1061 tribus'3
942 984 980 1045 et
995 983 1026 1019 ²¹
1044 967 1142 1071 lapis
1159 965 1273 1043 albus

176 1091 324 1174 Pocula
343 1119 434 1168 cnm
453 1091 596 1196 cyatho
614 1093 691 1168 duo
705 1091 868 1169 sustinet
883 1119 892 1168 t
908 1107 942 1143 22
959 1092 1084 1169 adstat
1102 1090 1265 1174 echinus

177 1217 212 1269 ²3
226 1217 352 1310 Vilis,
376 1244 466 1292 oum
485 1232 619 1321 patera
633 1233 668 1284 24
686 1232 842 1321 guttus,
863 1217 897 1268 ²⁵
915 1217 1118 1320 Campana
1135 1216 1326 1321 supellex.

177 1343 333 1419 Deinde
350 1370 395 1419 eo
410 1344 649 1438 dormitum,
669 1371 748 1420 non
765 1343 975 1436 sollicitus,
993 1342 1094 1419 mihi
1113 1345 1217 1449 quod
1236 1372 1331 1421 cras

177 1469 422 1570 Surgendum
438 1470 486 1545 sit
502 1498 617 1546 mane
633 1527 645 1562 ,
662 1471 697 1522 2⁶
714 1468 914 1546 obeundus
930 1471 1118 1573 Marsya,
1137 1470 1205 1573 qui
1221 1497 1262 1546 se

177 1594 346 1676 Vultum
363 1595 461 1671 ferra
479 1612 595 1699 nogat
612 1594 830 1673 Noviorum
845 1624 952 1699 posse
967 1612 1001 1663 27
1014 1596 1184 1674 minoris.

176 1719 212 1771 23
222 1721 288 1795 Ad
302 1735 481 1822 quartam
495 1720 624 1821 jacam
636 1738 721 1825 post
738 1721 841 1797 hano
854 1748 997 1825 vagor,
1010 1736 1078 1798 aut
1092 1748 1163 1825 ego
1175 1736 1209 1788 ²9
1223 1720 1329 1797 lecto
1339 1779 1358 1814 ,

175 1849 261 1922 Aut
277 1847 443 1949 scripto,
460 1847 564 1952 quod
579 1875 642 1924 me
662 1847 826 1925 tacitum
842 1847 962 1947 juvet.
981 1848 1117 1951 Ungor
1133 1846 1167 1898 32
1181 1846 1285 1924 olivo
1301 1905 1316 1942 ,

175 1971 216 2048 N
218 1999 267 2046 on
284 1997 361 2075 quo
379 1972 567 2049 fraudatis
581 1972 808 2050 immundus
824 1973 855 2024 ³1
873 1973 995 2048 Natta
1009 1971 1186 2051 lucernis.

174 2097 250 2171 Ast
265 2095 336 2172 ubi
351 2123 414 2171 me
432 2095 574 2172 fessum
591 2096 656 2172 Sol
672 2096 705 2147 32
721 2096 847 2174 acrior
863 2095 921 2172 ire
937 2095 1117 2173 lavatum

174 2222 419 2317 Admonuit,
436 2224 468 2276 33
489 2223 598 2328 fugio
612 2223 754 2301 rabiosi
773 2240 948 2328 tempora
965 2225 1000 2291 34
1016 2224 1130 2327 signi.
1199 2245 1201 2254 ’

176 2349 343 2426 Pransus
357 2348 390 2400 35
407 2375 485 2424 non
502 2348 618 2426 avide
634 2408 645 2442 ,
664 2363 856 2454 quantum
872 2347 906 2399 3⁶
922 2346 1145 2452 interpellet
1158 2346 1270 2425 inani

176 2467 326 2550 Ventro
344 2472 451 2548 diem
468 2472 607 2548 durare
623 2532 635 2567 ,
658 2474 692 2541 37
707 2473 939 2550 domesticus
954 2473 1063 2550 otior.
1080 2474 1176 2549 Haec
1192 2491 1249 2550 est

174 2596 274 2679 Vita
287 2596 498 2673 solutorum
515 2598 656 2675 misera
672 2597 884 2674 ambitione
897 2655 919 2690 ‚.
932 2598 1134 2702 gravique.

216 2786 247 2840 15
257 2787 359 2858 Quanti
365 2786 491 2842 venditur
499 2778 567 2842 olus.
581 2790 613 2842 16
625 2791 656 2841 ln
666 2791 740 2842 circo
773 2804 912 2842 terrorem.
924 2806 957 2861 ²7
970 2791 1095 2842 Duorum
1107 2782 1219 2842 fratrum
1231 2788 1351 2843 Novio-

176 2870 284 2925 fallaces
292 2869 426 2943 Astrologi
438 2886 465 2926 et
474 2874 640 2926 somniorum
649 2874 740 2926 inter·
772 2891 834 2926 rum
845 2873 935 2945 junior
946 2888 1005 2927 erat
1018 2870 1231 2946 improbissimus
1245 2871 1350 2946 litiga-

176 2970 265 3031 pretes
288 2969 364 3008 erant
381 2954 542 3029 frequentes.
570 2974 600 3028 ¹7
615 2957 737 3027 Vesperi.
773 2954 930 3030 tor‚quiad
938 2955 1010 3010 hanc
1020 2970 1135 3010 statuam
1144 2975 1248 3010 summo
1259 2976 1351 3013 mano

179 3039 212 3090 18
225 3039 355 3092 Intersum
365 3038 444 3093 rebus
461 3036 576 3105 divinis,
595 3036 639 3091 vel
648 3056 738 3092 rorum
772 3041 924 3114 turpissimo
938 3038 1127 3095 foenerabatur.
1145 3041 1181 3093 28
1190 3039 1232 3093 Ad
1244 3039 1347 3097 horam

176 3119 323 3175 futurarum
345 3121 538 3177 divinatoribus
554 3162 564 3190 ‚
588 3141 687 3197 nempe
707 3124 738 3176 in
772 3138 903 3197 quartam.
919 3141 955 3195 29
970 3123 1077 3176 Lectito
1092 3137 1139 3176 aut
1154 3123 1285 3196 scriptito.

174 3205 258 3258 03200·
279 3226 311 3279 ¹9
323 3205 412 3259 0322ῑῦ
428 3208 558 3260 catinum.
808 3218 844 3270 30
860 3217 947 3284 Olea,
961 3237 1017 3271 non
1030 3236 1066 3271 ex
1075 3215 1193 3272 lucernis
1210 3217 1344 3273 detracto.

211 3318 247 3353 20
264 3300 288 3353 A
300 3303 388 3373 pueris
397 3302 490 3357 tribus.
509 3320 540 3355 21
555 3303 653 3357 Mensa
663 3320 739 3355 mar·
774 3301 806 3356 31
823 3299 951 3354 Sordidus
965 3300 1075 3374 quidam
1087 3303 1234 3355 Romanus.
1245 3301 1282 3356 32
1291 3301 1344 3356 Sol

176 3403 278 3439 morea.
292 3403 327 3438 22
340 3383 432 3441 Adstat
447 3386 515 3439 mihi
525 3388 643 3440 coenanti
657 3386 738 3440 schi—
774 3383 897 3441 calidior.
912 3385 948 3437 55
957 3385 1001 3438 Ex
1012 3385 1170 3439 auctoritate
1181 3386 1345 3439 veterisco-

176 3489 246 3534 nus,
261 3468 291 3522 id
304 3483 361 3536 est,
374 3488 420 3522 ras
432 3469 534 3538 fictile,
552 3472 591 3523 sic
608 3473 739 3523 nomina-
775 3465 858 3532 dicis,
870 3467 1010 3525 Bentleius
1019 3466 1142 3521 sie-hunc
1153 3484 1260 3521 versum
1273 3466 1345 3522 dat:

111 3613 113 3616 y
175 3567 234 3606 tum
263 3552 279 3605 d
302 3551 479 3606 similitudino
509 3552 600 3607 echini
628 3554 737 3606 marini.
774 3551 933 3625 admonitii,
936 3549 1024 3624 fugio
1038 3553 1182 3624 Campum,
1192 3553 1347 3624 lusumque

175 3636 211 3689 23
233 3636 310 3690 Parvi
332 3637 421 3709 pretii.
447 3644 481 3702 ²4
496 3637 539 3688 Ex
555 3649 629 3708 gatto
644 3638 739 3689 vinum
774 3641 920 3702 trigonam.
939 3635 974 3701 34
987 3633 1136 3690 Canicula

176 3721 299 3791 guttatim
321 3739 368 3773 seu
391 3719 546 3771 minutatim
567 3717 737 3772 fundebatur.
809 3717 844 3770 36
873 3719 987 3772 Pramus
1020 3717 1157 3772 moderata
1191 3731 1219 3771 st
1247 3734 1345 3791 parco.

174 3803 210 3857 25
225 3805 296 3855 Vasa
308 3801 417 3867 fictilia,
431 3802 463 3852 in
479 3800 626 3873 Campania
641 3802 720 3855 facta.
775 3800 809 3854 56
827 3802 967 3871 Quantum
983 3820 1040 3855 non
1055 3802 1125 3855 sinat
1142 3820 1187 3854 me
1202 3803 1344 3873 integrum

213 3886 248 3939 26
267 3883 402 3941 Obeunda
422 3885 508 3957 prima
528 3903 587 3957 pars
606 3884 675 3952 fori,
693 3884 739 3938 ubi
774 3883 930 3938 disminani
938 3899 1201 3958 ventrtparmansra.
1211 3883 1244 3955 37
1252 3885 1343 3938 Domi

176 3970 263 4043 posita
272 3985 312 4025 est
322 3984 407 4025 statua
416 3967 530 4044 Marsya
538 3970 568 4023 in
576 3968 740 4042 litigatorum
775 3969 860 4025 edum
874 3987 934 4042 ago.
