2842 4750
602 333 641 403 o.
694 328 974 392 nonsart

307 463 488 540 Alteram
509 479 650 540 sortem
672 463 774 541 bene
799 454 1075 572 praeparatum

308 590 461 666 Pectus.
487 604 520 642 ¹0
545 589 732 667 Informes
756 589 918 695 hyemes
942 592 1098 670 reducit

455 711 638 815 Jupiter,
662 713 771 791 idem

216 898 218 907 .
309 857 340 895 1¹
361 842 600 919 Summovet.
625 844 740 935 Non,
765 843 918 920 simale
937 846 1066 938 nuno,
1086 860 1126 921 et
1143 860 1175 897 ¹²
1192 847 1284 924 olim

310 967 374 1044 Sic
398 966 482 1043 erit.
509 965 541 1015 13
560 967 768 1067 Quondam
790 967 944 1045 cithara
969 984 1178 1044 tacentem.

309 1091 479 1168 Suscitat
505 1091 692 1184 Musam,
717 1119 844 1195 neque
870 1119 1022 1196 semper
1044 1121 1183 1171 arcum

459 1217 605 1294 Tendit
629 1217 785 1322 Apollo,

311 1359 346 1410 14
372 1341 506 1419 Rebus
530 1343 699 1447 angustis
726 1344 944 1438 animosus,
968 1360 1086 1448 atque

311 1467 438 1544 Fortis
457 1494 599 1571 appare
624 1499 632 1544 ε
654 1467 848 1570 sapienter
868 1469 900 1519 15
923 1469 1031 1551 idem

310 1595 352 1685 1⁶,
369 1592 584 1670 Contrahes
607 1573 723 1668 vento
744 1592 910 1669 nimium
935 1592 1104 1671 secundo

459 1716 637 1820 Turgida
660 1716 762 1795 vela.
803 1784 806 1789 ,

210 1914 322 1969 aiteram
345 1926 467 1982 sortem,
493 1910 524 1966 id
551 1927 613 1981 est,
640 1911 775 1967 fortunam
810 1912 918 1968 tertium
933 1912 1064 1993 citha'ram
1078 1912 1114 1968 ad
1130 1914 1293 1971 cantandum
1305 1933 1365 1991 pro·

210 1997 319 2052 malam.
810 2012 900 2051 vocat.

251 2101 283 2133 to
301 2082 422 2153 Hyemes
437 2077 549 2132 assiduis
568 2076 698 2131 imbribus
715 2092 775 2133 ter·
849 2090 880 2148 ¹4
900 2082 932 2134 In
950 2079 1030 2135 rebus
1050 2081 1204 2138 difficilibus
1225 2081 1299 2136 fortis
1314 2097 1365 2136 etto

97 2196 106 2217 1
209 2182 269 2219 ram
286 2164 475 2239 deformantes.
503 2183 531 2215 tr
559 2159 633 2215 Idem
653 2159 772 2215 abducit.
809 2164 952 2237 animoque
964 2163 1118 2238 plenus,in
1129 2163 1253 2219 secundis
1266 2163 1366 2217 humilis

213 2266 246 2300 η
263 2247 386 2300 Posthac.
404 2246 468 2298 Non
487 2265 591 2319 semper
603 2244 699 2299 eadem
711 2263 775 2298 ma·
811 2261 883 2312 esto,
893 2261 919 2300 et
925 2248 1047 2300 animum
1057 2248 1196 2300 contrahe.
1211 2247 1240 2299 15
1250 2246 1366 2318 Quisquis

210 2346 259 2384 net
274 2329 391 2385 fortuna.
413 2329 444 2383 13
460 2328 556 2403 Apollo
574 2347 630 2383 non
646 2342 686 2382 est
702 2346 776 2381 sem·
812 2346 850 2382 es.
875 2329 906 2383 16
925 2328 1066 2404 supprime
1082 2330 1242 2398 vela'veuto
1259 2329 1365 2383 nimium

210 2414 370 2486 periratus,
387 2411 436 2468 sed
450 2405 602 2486 quondam,
616 2409 715 2476 idest,
729 2411 777 2463 in·
811 2429 937 2484 prospero
952 2412 1054 2467 inflata.

342 2632 435 2707 An
487 2633 535 2733 Q.
586 2630 987 2708 murtrum,
1041 2593 1251 2712 oaext

369 2830 554 2906 Jucuude
572 2833 781 2907 uiuendum
798 2858 881 2906 esse
890 2885 904 2922 ,
921 2838 1078 2908 omissis
1096 2842 1214 2914 curis.

310 3016 478 3177 ‘Qum
503 3047 709 3126 bellicosus
731 3064 748 3100 ²
772 3048 992 3144 Cantaber,
1018 3068 1056 3128 et
1078 3052 1094 3104 3
1118 3052 1309 3157 Scythes,

309 3177 474 3279 Hirpine
496 3175 684 3277 Quincti,
707 3176 875 3279 cogitet,
900 3173 1054 3253 Hadria

356 3299 554 3376 4Divisus
577 3299 757 3400 objecto,
780 3302 951 3378 remittas

410 3424 591 3525 Quaerere
618 3450 627 3495 τ
650 3426 666 3474 ⁵
689 3453 763 3500 nec
786 3426 953 3530 trepides
974 3427 1017 3502 in
1040 3456 1154 3506 usum

249 3646 260 3680 t
273 3622 349 3679 Ordo
362 3636 403 3675 est
415 3640 421 3674 :
433 3621 497 3693 oQ.
511 3624 774 3698 Hirpine‚remittas
807 3625 878 3681 Vide
890 3625 952 3682 Ode
963 3645 1047 3682 xxxv.
1059 3627 1108 3681 lib.
1125 3651 1148 3684 t.
1165 3637 1181 3696 4
1197 3629 1309 3705 Scythes
1323 3643 1366 3684 te.-

210 3727 344 3787 quarere,
357 3704 423 3779 quid
435 3708 534 3778 cogitet
542 3706 685 3762 bellicosus
698 3708 773 3762 Can·
807 3709 913 3781 junctus
923 3709 938 3762 i
947 3710 1113 3764 nobismaris
1125 3712 1276 3768 Hadriatici
1287 3714 1366 3763 inter·

208 3796 304 3855 taber,
321 3805 349 3844 et
361 3787 427 3862 quid
436 3791 536 3862 cogitet
548 3789 659 3863 Scythes
672 3790 773 3844 divisus
807 3790 921 3846 fusione.
933 3792 1035 3845 Hadria
1045 3797 1075 3847 in
1084 3814 1167 3848 masc.
1178 3815 1275 3869 genere
1286 3792 1365 3868 poni*

210 3879 316 3948 objecto
333 3871 444 3926 Hadria.
461 3890 478 3925 2
494 3872 611 3946 Populus
623 3874 772 3946 Hispaniae.
808 3873 1365 3948 turpromariHadriatico.5Necstsann'ut

209 3960 368 4033 Videsupra
377 3954 438 4013 Ode
446 3977 485 4032 vn
491 3957 517 4018 ,ὅ
530 3956 606 4016 Gens
615 3956 772 4038 Orientalin
806 3973 913 4036 propter
923 3978 1004 4018 usum
1012 3962 1090 4037 vitae,
1101 3982 1159 4036 qua
1170 3980 1256 4036 pauca
1270 3955 1366 4037 poscit,
